@incollection{barrows2004copf,
 author={Timothy T {Barrows} and Steve {Juggins}},
 title={{Compilation of planktic foraminifera LGM assembages from the Indo-Pacific Ocean}},
 year={2004},
 doi={10.1594/PANGAEA.227319},
 url={https://doi.org/10.1594/PANGAEA.227319},
 note={In: Barrows, Timothy T; Chen, Min-Te; de Vernal, Anne; Eynaud, Fr\'{e}d\'{e}rique; Hillaire-Marcel, Claude; Kiefer, Thorsten; Lee, Kyung Eun; Marret, Fabienne; Henry, Maryse; Juggins, Steve; Londeix, Laurent; Mangin, Sylvie; Matthiessen, Jens; Radi, Taoufik; Rochon, Andr\'{e}; Solignac, Sandrine; Turon, Jean-Louis; Waelbroeck, Claire; Weinelt, Mara (2011): Various paleoclimate proxy parameters compiled within the MARGO project. PANGAEA, https://doi.org/10.1594/PANGAEA.760904},
 type={data set},
 publisher={PANGAEA}
}
