@incollection{kucera2005copf,
 author={Michal {Kucera} and Mara {Weinelt} and Thorsten {Kiefer} and Uwe {Pflaumann} and Angela {Hayes} and Martin {Weinelt} and Min-Te {Chen} and Alan C {Mix} and Timothy T {Barrows} and Elsa {Cortijo} and Josette M {Duprat} and Steve {Juggins} and Claire {Waelbroeck}},
 title={{Compilation of planktic Foraminifera census data, LGM from the Atlantic Ocean}},
 year={2005},
 doi={10.1594/PANGAEA.227329},
 url={https://doi.org/10.1594/PANGAEA.227329},
 note={In supplement to: Kucera, M et al. (2005): Reconstruction of sea-surface temperatures from assemblages of planktonic foraminifera: multi-technique approach based on geographically constrained calibration datasets and its application to glacial Atlantic and Pacific Oceans. Quaternary Science Reviews, 24(7-9), 951-998, https://doi.org/10.1016/j.quascirev.2004.07.014},
 type={data set},
 publisher={PANGAEA}
}
