%% This BibTeX bibliography file was created using BibDesk.
%% http://bibdesk.sourceforge.net/

%% Created for Marina Costa Rillo at 2018-03-04 12:25:36 +0100 


%% Saved with string encoding Unicode (UTF-8) 

@article{rutherford1999environmental,
	Author = {Rutherford, Scott and D'hondt, Steven and Prell, Warren},
	Date-Added = {2018-02-20 14:44:32 +0000},
	Date-Modified = {2018-02-20 14:44:32 +0000},
	Journal = {Nature},
	Number = {6746},
	Pages = {749},
	Publisher = {Nature Publishing Group},
	Title = {Environmental controls on the geographic distribution of zooplankton diversity},
	Volume = {400},
	Year = {1999}}

@article{caron1981light,
	Author = {Caron, David A and B{\'e}, Allan WH and Anderson, O Roger},
	Date-Added = {2018-02-20 10:17:25 +0000},
	Date-Modified = {2018-02-20 10:56:26 +0000},
	Journal = {Journal of the marine biological {Association} of the {United Kingdom}},
	Number = {2},
	Pages = {435--451},
	Publisher = {Cambridge University Press},
	Title = {Effects of variations in light intensity on life processes of the planktonic foraminifer \textit{Globigerinoides sacculifer} in laboratory culture},
	Volume = {62},
	Year = {1981}}

@article{kahn1981ecological,
	Author = {Kahn, Michael I},
	Date-Added = {2018-02-20 10:02:45 +0000},
	Date-Modified = {2018-02-20 10:10:48 +0000},
	Journal = {Journal of Foraminiferal Research},
	Number = {3},
	Pages = {203--211},
	Publisher = {Cushman Foundation for Foraminiferal Research},
	Title = {Ecological and paleoecological implications of the phenotypic variation in three species of living planktonic foraminifera from the northeastern {Pacific Ocean} (50${}^\circ${N}, 145${}^\circ${W})},
	Volume = {11},
	Year = {1981},
	Bdsk-File-1 = {YnBsaXN0MDDUAQIDBAUGJCVYJHZlcnNpb25YJG9iamVjdHNZJGFyY2hpdmVyVCR0b3ASAAGGoKgHCBMUFRYaIVUkbnVsbNMJCgsMDxJXTlMua2V5c1pOUy5vYmplY3RzViRjbGFzc6INDoACgAOiEBGABIAFgAdccmVsYXRpdmVQYXRoWWFsaWFzRGF0YV8QXy4uLy4uLy4uLy4uLy4uL0xpYnJhcnkvTW9iaWxlIERvY3VtZW50cy9jb21+YXBwbGV+Q2xvdWREb2NzL0FSVElDTEVTL19mb3JhbXNfc2l6ZS8xOTgxX0thaG4ucGRm0hcLGBlXTlMuZGF0YU8RAhgAAAAAAhgAAgAADE1hY2ludG9zaCBIRAAAAAAAAAAAAAAAAAAAANCvH3RIKwAAAU0qwg0xOTgxX0thaG4ucGRmAAAAAAAAAAAAAAAAAAAAAAAAAAAAAAAAAAAAAAAAAAAAAAAAAAAAAAAAAAAAAAAAAAABU0VN1i+d9gAAAAAAAAAAAAUABgAACSAAAAAAAAAAAAAAAAAAAAAMX2ZvcmFtc19zaXplABAACAAA0K8RZAAAABEACAAA1i+P5gAAAAEAHAFNKsIAUgi/AB7NHQAezO8ADAxOAAwMRgAKcTMAAgB7TWFjaW50b3NoIEhEOlVzZXJzOgBtYXJpbmFjb3N0YXJpbGxvOgBMaWJyYXJ5OgBNb2JpbGUgRG9jdW1lbnRzOgBjb21+YXBwbGV+Q2xvdWREb2NzOgBBUlRJQ0xFUzoAX2ZvcmFtc19zaXplOgAxOTgxX0thaG4ucGRmAAAOABwADQAxADkAOAAxAF8ASwBhAGgAbgAuAHAAZABmAA8AGgAMAE0AYQBjAGkAbgB0AG8AcwBoACAASABEABIAZ1VzZXJzL21hcmluYWNvc3RhcmlsbG8vTGlicmFyeS9Nb2JpbGUgRG9jdW1lbnRzL2NvbX5hcHBsZX5DbG91ZERvY3MvQVJUSUNMRVMvX2ZvcmFtc19zaXplLzE5ODFfS2Fobi5wZGYAABMAAS8AABUAAgAX//8AAIAG0hscHR5aJGNsYXNzbmFtZVgkY2xhc3Nlc11OU011dGFibGVEYXRhox0fIFZOU0RhdGFYTlNPYmplY3TSGxwiI1xOU0RpY3Rpb25hcnmiIiBfEA9OU0tleWVkQXJjaGl2ZXLRJidUcm9vdIABAAgAEQAaACMALQAyADcAQABGAE0AVQBgAGcAagBsAG4AcQBzAHUAdwCEAI4A8AD1AP0DGQMbAyADKwM0A0IDRgNNA1YDWwNoA2sDfQOAA4UAAAAAAAACAQAAAAAAAAAoAAAAAAAAAAAAAAAAAAADhw==}}

@article{aurahs2011ruber,
	Author = {Aurahs, Ralf and Treis, Yvonne and Darling, Kate and Kucera, Michal},
	Date-Added = {2018-02-20 09:06:12 +0000},
	Date-Modified = {2018-02-20 09:06:48 +0000},
	Journal = {Marine Micropaleontology},
	Number = {1-2},
	Pages = {1--14},
	Publisher = {Elsevier},
	Title = {A revised taxonomic and phylogenetic concept for the planktonic foraminifer species Globigerinoides ruber based on molecular and morphometric evidence},
	Volume = {79},
	Year = {2011}}

@article{weinkauf2016seasonal,
	Author = {Weinkauf, Manuel FG and Kunze, Jos{\'e} G and Waniek, Joanna J and Kucera, Michal},
	Date-Added = {2018-02-19 18:01:29 +0000},
	Date-Modified = {2018-02-19 18:01:29 +0000},
	Journal = {PloS One},
	Number = {2},
	Pages = {e0148363},
	Publisher = {Public Library of Science},
	Title = {Seasonal variation in shell calcification of planktonic Foraminifera in the NE Atlantic reveals species-specific response to temperature, productivity, and optimum growth conditions},
	Volume = {11},
	Year = {2016}}

@article{walker2008global,
	Author = {Walker, Mike and Johnsen, Sigfus and Rasmussen, Sune Olander and Steffensen, J{\o}rgen-Peder and Popp, Trevor and Gibbard, Philip and Hoek, Wim Z and Lowe, J John and Andrews, John and Bj{\"o}rck, Svante and others},
	Date-Added = {2018-02-18 15:31:06 +0000},
	Date-Modified = {2018-02-18 15:31:56 +0000},
	Journal = {Episodes},
	Number = {2},
	Pages = {264--267},
	Publisher = {International Union of Geological Sciences},
	Title = {The global stratotype section and point ({GSSP}) for the base of the {Holocene} series/epoch ({Quaternary} system/period) in the {NGRIP} ice core},
	Volume = {31},
	Year = {2008}}

@inbook{jost2011compositional,
	Author = {Jost, Lou and Chao, A and Chazdon, R L},
	Edition = {1},
	Pages = {66--84},
	Publisher = {Oxford University Press},
	Title = {Compositional similarity and beta diversity (in {Biologica} diversity: frontiers in measurement and assessment)},
	Year = {2011}}
	
@article{horn1966measurement,
	Author = {Horn, Henry S},
	Date-Added = {2018-01-29 19:20:20 +0000},
	Date-Modified = {2018-01-29 19:20:20 +0000},
	Journal = {The American Naturalist},
	Number = {914},
	Pages = {419--424},
	Publisher = {Science Press},
	Title = {Measurement of" overlap" in comparative ecological studies},
	Volume = {100},
	Year = {1966}}

@article{fenton2016environmental,
	Author = {Fenton, Isabel S and Pearson, Paul N and Jones, Tom Dunkley and Purvis, Andy},
	Date-Added = {2018-01-12 18:12:39 +0000},
	Date-Modified = {2018-01-12 18:12:39 +0000},
	Journal = {PloS one},
	Number = {11},
	Pages = {e0165522},
	Publisher = {Public Library of Science},
	Title = {Environmental Predictors of Diversity in Recent Planktonic Foraminifera as Recorded in Marine Sediments},
	Volume = {11},
	Year = {2016}}

@article{kirkpatrick1997evolution,
	Author = {Kirkpatrick, Mark and Barton, Nicholas H},
	Date-Added = {2018-01-10 02:02:05 +0000},
	Date-Modified = {2018-01-10 02:02:05 +0000},
	Journal = {The American Naturalist},
	Number = {1},
	Pages = {1--23},
	Publisher = {The University of Chicago Press},
	Title = {Evolution of a species' range},
	Volume = {150},
	Year = {1997}}

@article{liancourt2005stress,
	Author = {Liancourt, Pierre and Callaway, Ragan M and Michalet, Richard},
	Date-Added = {2018-01-10 01:35:20 +0000},
	Date-Modified = {2018-01-10 01:35:20 +0000},
	Journal = {Ecology},
	Number = {6},
	Pages = {1611--1618},
	Publisher = {Wiley Online Library},
	Title = {Stress tolerance and competitive-response ability determine the outcome of biotic interactions},
	Volume = {86},
	Year = {2005}}

@article{wang2008relevance,
	Author = {Wang, Youshi and Chu, Chengjin and Maestre, Fernando T and Wang, Gang},
	Date-Added = {2018-01-10 01:24:18 +0000},
	Date-Modified = {2018-01-10 01:24:18 +0000},
	Journal = {Acta Oecologica},
	Number = {1},
	Pages = {108--113},
	Publisher = {Elsevier},
	Title = {On the relevance of facilitation in alpine meadow communities: an experimental assessment with multiple species differing in their ecological optimum},
	Volume = {33},
	Year = {2008}}

@article{tanaka1996sexual,
	Author = {Tanaka, Yoshinari},
	Date-Added = {2018-01-10 01:23:26 +0000},
	Date-Modified = {2018-01-10 01:23:26 +0000},
	Journal = {Journal of theoretical biology},
	Number = {3},
	Pages = {197--206},
	Publisher = {Elsevier},
	Title = {Sexual selection enhances population extinction in a changing environment},
	Volume = {180},
	Year = {1996}}

@manual{rpack2016spadeR,
	Author = {Anne Chao and K. H. Ma and T. C. Hsieh and Chun-Huo Chiu},
	Note = {R package version 0.1.1},
	Title = {{SpadeR}: {Species-Richness Prediction} and {Diversity Estimation with R}},
	Url = {https://CRAN.R-project.org/package=SpadeR},
	Year = {2016},
	Bdsk-Url-1 = {https://CRAN.R-project.org/package=SpadeR}}

@manual{mumin2017rpack,
	Author = {Kamil Barto{\'n}},
	Note = {R package version 1.40.0},
	Title = {MuMIn: Multi-Model Inference},
	Url = {https://CRAN.R-project.org/package=MuMIn},
	Year = {2017},
	Bdsk-Url-1 = {https://CRAN.R-project.org/package=MuMIn}}

@article{beer2010shell,
	Author = {Beer, Christopher J and Schiebel, Ralf and Wilson, Paul A},
	Date-Added = {2017-12-19 08:24:39 +0000},
	Date-Modified = {2017-12-19 08:25:06 +0000},
	Journal = {Geology},
	Number = {2},
	Pages = {103--106},
	Publisher = {Geological Society of America},
	Title = {Testing planktic foraminiferal shell weight as a surface water [CO32-] proxy using plankton net samples},
	Volume = {38},
	Year = {2010},
	Bdsk-File-1 = {YnBsaXN0MDDUAQIDBAUGJCVYJHZlcnNpb25YJG9iamVjdHNZJGFyY2hpdmVyVCR0b3ASAAGGoKgHCBMUFRYaIVUkbnVsbNMJCgsMDxJXTlMua2V5c1pOUy5vYmplY3RzViRjbGFzc6INDoACgAOiEBGABIAFgAdccmVsYXRpdmVQYXRoWWFsaWFzRGF0YV8QJS4uLy4uLy4uLy4uLy4uLy5UcmFzaC8yMDEwX0JlZXItMS5wZGbSFwsYGVdOUy5kYXRhTxEBjgAAAAABjgACAAAMTWFjaW50b3NoIEhEAAAAAAAAAAAAAAAAAAAA0K8fdEgrAAABdHXoDzIwMTBfQmVlci0xLnBkZgAAAAAAAAAAAAAAAAAAAAAAAAAAAAAAAAAAAAAAAAAAAAAAAAAAAAAAAAAAAAAAAAFlgqTWLoacAAAAAAAAAAAABQACAAAJIAAAAAAAAAAAAAAAAAAAAAYuVHJhc2gAEAAIAADQrxFkAAAAEQAIAADWLniMAAAAAQAMAXR16AAMDEYACnEzAAIAPU1hY2ludG9zaCBIRDpVc2VyczoAbWFyaW5hY29zdGFyaWxsbzoALlRyYXNoOgAyMDEwX0JlZXItMS5wZGYAAA4AIAAPADIAMAAxADAAXwBCAGUAZQByAC0AMQAuAHAAZABmAA8AGgAMAE0AYQBjAGkAbgB0AG8AcwBoACAASABEABIALVVzZXJzL21hcmluYWNvc3RhcmlsbG8vLlRyYXNoLzIwMTBfQmVlci0xLnBkZgAAEwABLwAAFQACABf//wAAgAbSGxwdHlokY2xhc3NuYW1lWCRjbGFzc2VzXU5TTXV0YWJsZURhdGGjHR8gVk5TRGF0YVhOU09iamVjdNIbHCIjXE5TRGljdGlvbmFyeaIiIF8QD05TS2V5ZWRBcmNoaXZlctEmJ1Ryb290gAEACAARABoAIwAtADIANwBAAEYATQBVAGAAZwBqAGwAbgBxAHMAdQB3AIQAjgC2ALsAwwJVAlcCXAJnAnACfgKCAokCkgKXAqQCpwK5ArwCwQAAAAAAAAIBAAAAAAAAACgAAAAAAAAAAAAAAAAAAALD}}

@article{aldridge2012calcification,
	Author = {Aldridge, D and Beer, CJ and Purdie, DA},
	Date-Added = {2017-12-19 08:18:54 +0000},
	Date-Modified = {2017-12-19 08:18:54 +0000},
	Journal = {Biogeosciences},
	Number = {5},
	Pages = {1725--1739},
	Publisher = {Copernicus GmbH},
	Title = {Calcification in the planktonic foraminifera Globigerina bulloides linked to phosphate concentrations in surface waters of the North Atlantic Ocean},
	Volume = {9},
	Year = {2012},
	Bdsk-File-1 = {YnBsaXN0MDDUAQIDBAUGJCVYJHZlcnNpb25YJG9iamVjdHNZJGFyY2hpdmVyVCR0b3ASAAGGoKgHCBMUFRYaIVUkbnVsbNMJCgsMDxJXTlMua2V5c1pOUy5vYmplY3RzViRjbGFzc6INDoACgAOiEBGABIAFgAdccmVsYXRpdmVQYXRoWWFsaWFzRGF0YV8QMy4uLy4uLy4uLy4uLy4uLy5UcmFzaC8yMDEyX0FsZHJpZGdlX2J1bGxvaWRlcy0xLnBkZtIXCxgZV05TLmRhdGFPEQHGAAAAAAHGAAIAAAxNYWNpbnRvc2ggSEQAAAAAAAAAAAAAAAAAAADQrx90SCsAAAF0degdMjAxMl9BbGRyaWRnZV9idWxsb2lkZXMtMS5wZGYAAAAAAAAAAAAAAAAAAAAAAAAAAAAAAAAAAAAAAAAAAAAAAWWC9NYfmsAAAAAAAAAAAAAFAAIAAAkgAAAAAAAAAAAAAAAAAAAABi5UcmFzaAAQAAgAANCvEWQAAAARAAgAANYfjLAAAAABAAwBdHXoAAwMRgAKcTMAAgBLTWFjaW50b3NoIEhEOlVzZXJzOgBtYXJpbmFjb3N0YXJpbGxvOgAuVHJhc2g6ADIwMTJfQWxkcmlkZ2VfYnVsbG9pZGVzLTEucGRmAAAOADwAHQAyADAAMQAyAF8AQQBsAGQAcgBpAGQAZwBlAF8AYgB1AGwAbABvAGkAZABlAHMALQAxAC4AcABkAGYADwAaAAwATQBhAGMAaQBuAHQAbwBzAGgAIABIAEQAEgA7VXNlcnMvbWFyaW5hY29zdGFyaWxsby8uVHJhc2gvMjAxMl9BbGRyaWRnZV9idWxsb2lkZXMtMS5wZGYAABMAAS8AABUAAgAX//8AAIAG0hscHR5aJGNsYXNzbmFtZVgkY2xhc3Nlc11OU011dGFibGVEYXRhox0fIFZOU0RhdGFYTlNPYmplY3TSGxwiI1xOU0RpY3Rpb25hcnmiIiBfEA9OU0tleWVkQXJjaGl2ZXLRJidUcm9vdIABAAgAEQAaACMALQAyADcAQABGAE0AVQBgAGcAagBsAG4AcQBzAHUAdwCEAI4AxADJANECmwKdAqICrQK2AsQCyALPAtgC3QLqAu0C/wMCAwcAAAAAAAACAQAAAAAAAAAoAAAAAAAAAAAAAAAAAAADCQ==}}

@article{schluter2009genetics,
	Author = {Schluter, Dolph and Conte, Gina L},
	Date-Added = {2017-12-19 08:14:53 +0000},
	Date-Modified = {2017-12-19 08:14:53 +0000},
	Journal = {Proceedings of the National Academy of Sciences},
	Number = {Supplement 1},
	Pages = {9955--9962},
	Publisher = {National Acad Sciences},
	Title = {Genetics and ecological speciation},
	Volume = {106},
	Year = {2009}}

@article{haller2013evolutionary,
	Author = {Haller, Benjamin C and Mazzucco, Rupert and Dieckmann, Ulf},
	Date-Added = {2017-12-19 08:11:09 +0000},
	Date-Modified = {2017-12-19 08:11:09 +0000},
	Journal = {The American Naturalist},
	Number = {4},
	Pages = {E127--E141},
	Publisher = {University of Chicago Press Chicago, IL},
	Title = {Evolutionary branching in complex landscapes},
	Volume = {182},
	Year = {2013}}

@article{hedgpeth1946voyage,
	Author = {Hedgpeth, Joel W},
	Date-Added = {2017-12-18 20:00:01 +0000},
	Date-Modified = {2017-12-18 20:00:18 +0000},
	Journal = {Scientific monthly},
	Pages = {194--202},
	Publisher = {JSTOR},
	Title = {The voyage of the {Challenger}},
	Volume = {63},
	Year = {1946}}

@article{rehfeldt2017ecological,
	Author = {Rehfeldt, Gerald E and Leites, Laura P and Joyce, Dennis G and Weiskittel, Aaron R},
	Date-Added = {2017-12-14 11:11:43 +0000},
	Date-Modified = {2017-12-14 11:12:55 +0000},
	Journal = {Global Change Biology},
	Pages = {1--11},
	Publisher = {John Wiley & Sons Ltd},
	Title = {Role of population genetics in guiding ecological responses to climate},
	Year = {2017}}

@article{schluter2001ecology,
	Author = {Schluter, Dolph},
	Date-Added = {2017-12-14 10:50:33 +0000},
	Date-Modified = {2017-12-14 10:50:33 +0000},
	Journal = {Trends in ecology \&amp; evolution},
	Number = {7},
	Pages = {372--380},
	Publisher = {Elsevier},
	Title = {Ecology and the origin of species},
	Volume = {16},
	Year = {2001}}

@misc{rillo2016data,
	Author = {Marina Costa Rillo},
	Date-Added = {2017-11-30 12:51:37 +0000},
	Date-Modified = {2017-11-30 12:55:29 +0000},
	Howpublished = {{Natural History Museum Data Portal} (data.nhm.ac.uk). http://dx.doi.org/10.5519/0035055},
	Title = {{Dataset: Henry Buckley Collection of Planktonic Foraminifera}},
	Year = {2016}}

@book{amante2009etopo1,
	Author = {Amante, Christopher and Eakins, Barry W},
	Publisher = {NOAA Technical Memorandum NESDIS NGDC-24. National Geophysical Data Center, NOAA.},
	Title = {ETOPO1 1 {Arc-Minute Global Relief Model}: procedures, data sources and analysis},
	Year = {2009}}

@article{brombacher2017calibration,
	Author = {Brombacher, Anieke and Wilson, Paul A and Ezard, Thomas HG},
	Journal = {Marine Micropaleontology},
	Publisher = {Elsevier},
	Title = {Calibration of the repeatability of foraminiferal test size and shape measures with recommendations for future use},
	Year = {2017}}

@article{malmgren1983evidence,
	Author = {Malmgren, Bj{\"o}rn A and Berggren, William A and Lohmann, GP},
	Date-Added = {2017-11-07 17:41:05 +0000},
	Date-Modified = {2017-11-07 17:41:05 +0000},
	Journal = {Paleobiology},
	Number = {4},
	Pages = {377--389},
	Publisher = {Cambridge University Press},
	Title = {Evidence for punctuated gradualism in the Late Neogene Globorotalia tumida lineage of planktonic foraminifera},
	Volume = {9},
	Year = {1983}}

@article{malmgren1976bulloides,
	Author = {Bj{\"o}rn Malmgren and James P Kennett},
	Date-Added = {2017-11-07 13:58:26 +0000},
	Date-Modified = {2017-11-07 14:17:59 +0000},
	Journal = {Marine Micropaleontology},
	Pages = {3--25},
	Publisher = {Elsevier},
	Title = {Biometric analysis of phenotypic variation in {Recent} \textit{Globigerina bulloides} {d'Orbigny} in the southern {Indian Ocean}},
	Volume = {1},
	Year = {1976}}

@article{stone1956pelagic,
	Author = {Stone, Solon Wallingford},
	Date-Added = {2017-11-07 13:46:10 +0000},
	Date-Modified = {2017-11-07 13:46:24 +0000},
	Journal = {Micropaleontology},
	Pages = {361--370},
	Publisher = {JSTOR},
	Title = {Some ecologic data relating to pelagic foraminifera},
	Year = {1956}}

@article{be1973orbulina,
	Author = {Allan W. H. Be and Stanley M. Harrison and Leroy Lott},
	Date-Added = {2017-11-07 13:07:54 +0000},
	Date-Modified = {2017-11-07 13:12:37 +0000},
	Journal = {Micropaleontology},
	Number = {2},
	Pages = {150--192},
	Publisher = {Micropaleontol Project},
	Title = {\textit{Orbulina universa} {d'Orbigny} in the {Indian Ocean}},
	Volume = {19},
	Year = {1973}}

@article{webster2002ancestral,
	Author = {Webster, Andrea J and Purvis, Andy},
	Date-Added = {2017-11-07 08:49:28 +0000},
	Date-Modified = {2017-11-07 08:49:41 +0000},
	Journal = {Proceedings of the Royal Society of London B: Biological Sciences},
	Number = {1487},
	Pages = {143--149},
	Publisher = {The Royal Society},
	Title = {Testing the accuracy of methods for reconstructing ancestral states of continuous characters},
	Volume = {269},
	Year = {2002}}

@article{siccha2017forcens,
	Author = {Siccha, Michael and Kucera, Michal},
	Date-Added = {2017-11-07 08:44:28 +0000},
	Date-Modified = {2017-11-07 08:44:28 +0000},
	Journal = {Scientific Data},
	Pages = {sdata2017109},
	Publisher = {Nature Publishing Group},
	Title = {ForCenS, a curated database of planktonic foraminifera census counts in marine surface sediment samples},
	Volume = {4},
	Year = {2017}}

@article{rillo2017buckley,
	Author = {Rillo, Marina Costa and Whittaker, John and Ezard, Thomas HG and Purvis, Andy and Henderson, Andrew S and Stukins, Stephen and Miller, C Giles},
	Date-Added = {2017-11-07 08:42:01 +0000},
	Date-Modified = {2018-02-20 14:38:20 +0000},
	Journal = {Journal of Micropalaeontology},
	Number = {2},
	Pages = {191--194},
	Publisher = {Geological Society of London},
	Title = {The unknown planktonic foraminiferal pioneer {Henry A. Buckley} and his collection at the {Natural History Museum, London}},
	Volume = {36},
	Year = {2017}}

@article{agrawal2009much,
	Author = {Agrawal, Aneil F and Stinchcombe, John R},
	Journal = {Proceedings of the Royal Society of London B: Biological Sciences},
	Number = {1659},
	Pages = {1183--1191},
	Publisher = {The Royal Society},
	Title = {How much do genetic covariances alter the rate of adaptation?},
	Volume = {276},
	Year = {2009}}

@article{alsabouni2007vertical,
	Author = {Al-Sabouni, Nadia and Kucera, Michal and Schmidt, Daniela N},
	Date-Modified = {2018-02-20 09:19:24 +0000},
	Journal = {Marine Micropaleontology},
	Number = {1},
	Pages = {75--90},
	Publisher = {Elsevier},
	Title = {Vertical niche separation control of diversity and size disparity in planktonic foraminifera},
	Volume = {63},
	Year = {2007}}

@article{alizon2008competition,
	Author = {Alizon, Samuel and Kucera, Michal and Jansen, Vincent AA},
	Date-Modified = {2018-02-20 09:18:43 +0000},
	Journal = {Proceedings of the National Academy of Sciences},
	Number = {34},
	Pages = {12382--12386},
	Publisher = {National Acad Sciences},
	Title = {Competition between cryptic species explains variations in rates of lineage evolution},
	Volume = {105},
	Year = {2008}}

@article{alroy1996constant,
	Author = {Alroy, John},
	Journal = {Palaeogeography, Palaeoclimatology, Palaeoecology},
	Number = {1},
	Pages = {285--311},
	Publisher = {Elsevier},
	Title = {Constant extinction, constrained diversification, and uncoordinated stasis in North American mammals},
	Volume = {127},
	Year = {1996}}

@article{alroy1998cope,
	Author = {Alroy, John},
	Journal = {Science},
	Number = {5364},
	Pages = {731--734},
	Publisher = {American Association for the Advancement of Science},
	Title = {Cope's rule and the dynamics of body mass evolution in North American fossil mammals},
	Volume = {280},
	Year = {1998}}

@article{alroy2008dynamics,
	Author = {Alroy, John},
	Journal = {Proceedings of the National Academy of Sciences},
	Number = {Supplement 1},
	Pages = {11536--11542},
	Publisher = {National Acad Sciences},
	Title = {Dynamics of origination and extinction in the marine fossil record},
	Volume = {105},
	Year = {2008}}

@book{alroy2009speciation,
	Author = {Alroy, J},
	Journal = {Speciation and Patterns of Diversity},
	Number = {Chapter 16},
	Pages = {301- 323},
	Publisher = {Cambridge University Press},
	Title = {Speciation and extinction in the fossil record of North American mammals},
	Year = {2009}}

@article{andre2013cryptic,
	Author = {Andr{\'e}, Aurore and Weiner, Agnes and Quill{\'e}v{\'e}r{\'e}, Fr{\'e}d{\'e}ric and Aurahs, Ralf and Morard, Rapha{\"e}l and Douady, Christophe J and de Garidel-Thoron, Thibault and Escarguel, Gilles and De Vargas, Colomban and Kucera, Michal},
	Date-Modified = {2018-02-20 09:19:07 +0000},
	Journal = {Paleobiology},
	Number = {1},
	Pages = {21--39},
	Publisher = {The Paleontological Society},
	Title = {The cryptic and the apparent reversed: lack of genetic differentiation within the morphologically diverse plexus of the planktonic foraminifer \etxtit{Globigerinoides sacculifer}},
	Volume = {39},
	Year = {2013}}

@article{andre2014ssu,
	Author = {Andr{\'e}, Aurore and Quill{\'e}v{\'e}r{\'e}, Fr{\'e}d{\'e}ric and Morard, Rapha{\"e}l and Ujii{\'e}, Yurika and Escarguel, Gilles and De Vargas, Colomban and de Garidel-Thoron, Thibault and Douady, Christophe J},
	Journal = {PLoS One},
	Number = {8},
	Pages = {e104641},
	Publisher = {Public Library of Science},
	Title = {{SSU rDNA} Divergence in Planktonic Foraminifera: Molecular Taxonomy and Biogeographic Implications},
	Volume = {9},
	Year = {2014}}

@article{arino2010approaches,
	Author = {Ari{\~n}o, Arturo H},
	Journal = {Biodiversity Informatics},
	Number = {2},
	Title = {Approaches to estimating the universe of Natural History Collections data},
	Volume = {7},
	Year = {2010}}

@article{arnold1995causality,
	Author = {Arnold, Anthony J and Kelly, DC and Parker, WC},
	Journal = {Journal of Paleontology},
	Number = {02},
	Pages = {203--210},
	Publisher = {Cambridge University Press},
	Title = {Causality and {Cope}'s rule: evidence from the planktonic foraminifera},
	Volume = {69},
	Year = {1995}}

@article{arnold2001adaptive,
	Author = {Arnold, Stevan J and Pfrender, Michael E and Jones, Adam G},
	Journal = {Genetica},
	Number = {1},
	Pages = {9--32},
	Publisher = {Springer},
	Title = {The adaptive landscape as a conceptual bridge between micro- and macroevolution},
	Volume = {112},
	Year = {2001}}

@article{aurahs2009using,
	Author = {Aurahs, Ralf and G{\"o}ker, Markus and Grimm, Guido W and Hemleben, Vera and Hemleben, Christoph and Schiebel, Ralf and Kucera, Michal},
	Date-Modified = {2018-02-20 09:19:24 +0000},
	Journal = {Bioinformatics and biology insights},
	Pages = {155--177},
	Publisher = {Libertas Academica},
	Title = {Using the multiple analysis approach to reconstruct phylogenetic relationships among planktonic foraminifera from highly divergent and length-polymorphic {SSU rDNA} sequences},
	Volume = {3},
	Year = {2009}}

@article{aze2011phylogeny,
	Author = {Aze, Tracy and Ezard, Thomas HG and Purvis, Andy and Coxall, Helen K and Stewart, Duncan RM and Wade, Bridget S and Pearson, Paul N},
	Journal = {Biological Reviews},
	Number = {4},
	Pages = {900--927},
	Publisher = {Wiley Online Library},
	Title = {A phylogeny of {Cenozoic} macroperforate planktonic foraminifera from fossil data},
	Volume = {86},
	Year = {2011}}

@article{bambach2004origination,
	Author = {Bambach, Richard K and Knoll, Andrew H and Wang, Steve C},
	Journal = {Paleobiology},
	Number = {4},
	Pages = {522--542},
	Publisher = {The Paleontological Society},
	Title = {Origination, extinction, and mass depletions of marine diversity},
	Volume = {30},
	Year = {2004}}

@article{barnosky2011mass,
	Author = {Barnosky, Anthony D and Matzke, Nicholas and Tomiya, Susumu and Wogan, Guinevere OU and Swartz, Brian and Quental, Tiago B and Marshall, Charles and McGuire, Jenny L and Lindsey, Emily L and Maguire, Kaitlin C and others},
	Journal = {Nature},
	Number = {7336},
	Pages = {51--57},
	Publisher = {Nature Publishing Group},
	Title = {Has the Earth/'s sixth mass extinction already arrived?},
	Volume = {471},
	Year = {2011}}

@inbook{be1971distribution,
	Author = {B{\'e}, Allan W H and Tolderlund, Douglas S},
	Booktitle = {The Micropaleontology of Oceans},
	Pages = {105--149},
	Publisher = {Cambridge University Press},
	Title = {Distribution and ecology of living planktonic foraminifera in surface waters of the {Atlantic} and {Indian Oceans}},
	Year = {1971}}

@article{be1976gametogenesis,
	Author = {B{\'e}, Allan W H and Anderson, O Roger},
	Journal = {Science},
	Pages = {890--892},
	Publisher = {Science},
	Title = {Gametogenesis in planktonic foraminifera},
	Volume = {192},
	Year = {1976}}

@article{be1977ecology,
	Author = {B{\'e}, Allan W H and Hutson, William H},
	Journal = {Micropaleontology},
	Pages = {369--414},
	Publisher = {JSTOR},
	Title = {Ecology of planktonic foraminifera and biogeographic patterns of life and fossil assemblages in the {Indian Ocean}},
	Year = {1977}}

@article{be1977laboratory,
	Author = {B{\'e}, Allan W H and Hemleben, Christoph and Anderson, O Roger and Spindler, Michael and Hacunda, John and Tuntivate-Choy, Saijai},
	Journal = {Micropaleontology},
	Pages = {155--179},
	Publisher = {The Micropaleontology Project},
	Title = {Laboratory and field observations of living planktonic foraminifera},
	Year = {1977}}

@article{bemis2000temperature,
	Author = {Bemis, Bryan E and Spero, Howard J and Lea, David W and Bijma, Jelle},
	Journal = {Marine Micropaleontology},
	Number = {3},
	Pages = {213--228},
	Publisher = {Elsevier},
	Title = {Temperature influence on the carbon isotopic composition of \textit{Globigerina bulloides} and \textit{Orbulina universa} (planktonic foraminifera)},
	Volume = {38},
	Year = {2000}}

@article{benkman2003divergent,
	Author = {Benkman, Craig W},
	Journal = {Evolution},
	Number = {5},
	Pages = {1176--1181},
	Publisher = {Wiley Online Library},
	Title = {Divergent selection drives the adaptive radiation of crossbills},
	Volume = {57},
	Year = {2003}}

@article{benson2014rates,
	Author = {Benson, Roger BJ and Campione, Nicol{\'a}s E and Carrano, Matthew T and Mannion, Philip D and Sullivan, Corwin and Upchurch, Paul and Evans, David C},
	Date-Modified = {2015-09-08 08:30:23 +0000},
	Journal = {PLoS Biology},
	Number = {5},
	Pages = {e1001853},
	Publisher = {Public Library of Science},
	Title = {Rates of dinosaur body mass evolution indicate 170 million years of sustained ecological innovation on the avian stem lineage},
	Volume = {12},
	Year = {2014}}

@article{benton2001speciation,
	Author = {Benton, Michael J and Pearson, Paul N},
	Journal = {Trends in ecology \& evolution},
	Number = {7},
	Pages = {405--411},
	Publisher = {Elsevier},
	Title = {Speciation in the fossil record},
	Volume = {16},
	Year = {2001}}

@article{benton2007howdid,
	Author = {Benton, Michael J and Emerson, Brent C},
	Journal = {Palaeontology},
	Number = {1},
	Pages = {23--40},
	Publisher = {Wiley Online Library},
	Title = {How did life become so diverse? The dynamics of diversification according to the fossil record and molecular phylogenetics},
	Volume = {50},
	Year = {2007}}

@article{berger1972dissolution,
	Author = {Berger, Wolfgang H and Piper, David JW},
	Journal = {Limnology and Oceanography},
	Number = {2},
	Pages = {275--287},
	Publisher = {Wiley Online Library},
	Title = {Planktonic foraminifera: differential settling, dissolution, and redeposition},
	Volume = {17},
	Year = {1972}}

@article{berggren1988biostratigraphy,
	Author = {Berggren, WA and Miller, Kenneth G},
	Journal = {Micropaleontology},
	Pages = {362--380},
	Publisher = {The Micropaleontology Project},
	Title = {Paleogene tropical planktonic foraminiferal biostratigraphy and magnetobiochronology},
	Year = {1988}}

@article{bergmann1847uber,
	Author = {Bergmann, Carl},
	Journal = {G{\"o}ttinger Studien, 3},
	Pages = {595--708},
	Title = {{\"U}ber die Verh{\"a}ltnisse der W{\"a}rmeo{\"o}konomie der Thiere zu ihrer Gr{\"o}sse},
	Year = {1847}}

@article{bijma1990lunar,
	Author = {Bijma, Jelle and Erez, Jonathan and Hemleben, Christoph},
	Journal = {Journal of Foraminiferal Research},
	Number = {2},
	Pages = {117--127},
	Title = {Lunar and semi-lunar reproductive cycles in some spinose planktonic foraminifers},
	Volume = {20},
	Year = {1990}}

@article{bijma1990growth,
	Author = {Bijma, Jelle and Faber, Walter W and Hemleben, Christoph},
	Journal = {Journal of Foraminiferal Research},
	Number = {2},
	Pages = {95--116},
	Publisher = {CFFR},
	Title = {Temperature and salinity limits for growth and survival of some planktonic foraminifers in laboratory cultures},
	Volume = {20},
	Year = {1990}}

@article{bijma1992fertility,
	Author = {Bijma, Jelle and Hemleben, Christoph and Oberhaensli, Hedi and Spindler, Michael},
	Journal = {Journal of Foraminiferal Research},
	Number = {3},
	Pages = {242--256},
	Publisher = {CFFR},
	Title = {The effects of increased water fertility on tropical spinose planktonic foraminifers in laboratory cultures},
	Volume = {22},
	Year = {1992}}

@article{bijma1994sacculifer,
	Author = {Bijma, Jelle and Hemleben, Christoph},
	Journal = {Deep Sea Research Part I: Oceanographic Research Papers},
	Number = {3},
	Pages = {485--510},
	Publisher = {Elsevier},
	Title = {Population dynamics of the planktic foraminifer \textit{Globigerinoides sacculifer} ({Brady}) from the central Red Sea},
	Volume = {41},
	Year = {1994}}

@article{bininda2007delayed,
	Author = {Bininda-Emonds, Olaf RP and Cardillo, Marcel and Jones, Kate E and MacPhee, Ross DE and Beck, Robin MD and Grenyer, Richard and Price, Samantha A and Vos, Rutger A and Gittleman, John L and Purvis, Andy},
	Journal = {Nature},
	Number = {7135},
	Pages = {507--512},
	Publisher = {Nature Publishing Group},
	Title = {The delayed rise of present-day mammals},
	Volume = {446},
	Year = {2007}}

@inproceedings{blow1969biostratigraphy,
	Author = {Blow, Walter H},
	Booktitle = {Proceedings of the first international conference on planktonic microfossils},
	Organization = {EJ Brill Leiden},
	Pages = {199--422},
	Title = {{Late Middle Eocene} to {Recent} planktonic foraminiferal biostratigraphy},
	Volume = {1},
	Year = {1969}}

@article{blackburn1999geographic,
	Author = {Blackburn, Tim M and Gaston, Kevin J and Loder, Natasha},
	Journal = {Diversity and distributions},
	Number = {4},
	Pages = {165--174},
	Publisher = {Wiley Online Library},
	Title = {Geographic gradients in body size: a clarification of Bergmann's rule},
	Volume = {5},
	Year = {1999}}

@article{boakes2010distorted,
	Author = {Boakes, Elizabeth H and McGowan, Philip JK and Fuller, Richard A and Chang-qing, Ding and Clark, Natalie E and O'Connor, Kim and Mace, Georgina M},
	Journal = {PLoS Biology},
	Number = {6},
	Pages = {e1000385},
	Title = {Distorted views of biodiversity: spatial and temporal bias in species occurrence data},
	Volume = {8},
	Year = {2010}}

@article{calsbeek2007quick,
	Author = {Calsbeek, Ryan and Irschick, Duncan J},
	Journal = {Evolution},
	Number = {11},
	Pages = {2493--2503},
	Publisher = {Wiley Online Library},
	Title = {The quick and the dead: correlational selection on morphology, performance, and habitat use in island lizards},
	Volume = {61},
	Year = {2007}}

@article{cardillo2005multiple,
	Author = {Cardillo, Marcel and Mace, Georgina M and Jones, Kate E and Bielby, Jon and Bininda-Emonds, Olaf RP and Sechrest, Wes and Orme, C David L and Purvis, Andy},
	Journal = {Science},
	Number = {5738},
	Pages = {1239--1241},
	Publisher = {American Association for the Advancement of Science},
	Title = {Multiple causes of high extinction risk in large mammal species},
	Volume = {309},
	Year = {2005}}

@article{carnicer2012biogeography,
	Author = {Carnicer, Jofre and Brotons, Llu{\'\i}s and Stefanescu, Constant{\'\i} and Penuelas, Josep},
	Journal = {Biological Reviews},
	Number = {2},
	Pages = {457--479},
	Publisher = {Wiley Online Library},
	Title = {Biogeography of species richness gradients: linking adaptive traits, demography and diversification},
	Volume = {87},
	Year = {2012}}

@article{be1981sacculifer,
	Author = {B{\'e}, Allan W H and Caron, David A and Anderson, O Roger},
	Date-Modified = {2017-11-07 15:14:33 +0000},
	Journal = {Journal of the Marine Biological Association of the United Kingdom},
	Pages = {257--277},
	Publisher = {Cambridge University Press},
	Title = {Effects of feeding frequency on life processes of the planktonic foraminifer \textit{Globigerinoides sacculifer} in laboratory culture},
	Volume = {61},
	Year = {1981}}

@article{caron1987sacculifer,
	Author = {Caron, David A and Faber, Walter W and B{\'e}, Allan W H},
	Journal = {Journal of the marine biological association of the United Kingdom},
	Number = {02},
	Pages = {323--341},
	Publisher = {Cambridge University Press},
	Title = {Effects of temperature and salinity on the growth and survival of the planktonic foraminifer \textit{Globigerinoides sacculifer}},
	Volume = {67},
	Year = {1987}}

@article{caron1987orbulina,
	Author = {Caron, David A and Faber, Walter W and B{\'e}, Allan W H},
	Journal = {Journal of the marine biological association of the United Kingdom},
	Number = {02},
	Pages = {343--358},
	Publisher = {Cambridge University Press},
	Title = {Growth of the spinose planktonic foraminifer \textit{Orbulina universa} in laboratory culture and the effect of temperature on life processes},
	Volume = {67},
	Year = {1987}}

@article{caron1990effects,
	Author = {Caron, David A and Anderson, O Roger and Lindsey, Judith L and Faber, Walter W and Lim, EE Lin},
	Journal = {Marine Micropaleontology},
	Number = {1-2},
	Pages = {93--116},
	Publisher = {Elsevier},
	Title = {Effects of gametogenesis on test structure and dissolution of some spinose planktonic foraminifera and implications for test preservation},
	Volume = {16},
	Year = {1990}}

@article{chapelle1999polar,
	Author = {Chapelle, Gauthier and Peck, Lloyd S},
	Journal = {Nature},
	Number = {6732},
	Pages = {114--115},
	Publisher = {Nature Publishing Group},
	Title = {Polar gigantism dictated by oxygen availability},
	Volume = {399},
	Year = {1999}}

@article{chapman2005uses,
	Author = {Chapman, Arthur D},
	Publisher = {Global Biodiversity Information Facility},
	Title = {Uses of primary species-occurrence data},
	Year = {2005}}

@article{cleroux2007deep,
	Author = {Cl{\'e}roux, Caroline and Cortijo, Elsa and Duplessy, Jean-Claude and Zahn, Rainer},
	Journal = {Geochemistry, Geophysics, Geosystems},
	Number = {4},
	Publisher = {Wiley Online Library},
	Title = {Deep-dwelling foraminifera as thermocline temperature recorders},
	Volume = {8},
	Year = {2007}}

@article{cope1887origin,
	Author = {Cope, Edward D},
	Journal = {Appleton, New York},
	Title = {The origin of the fittest},
	Year = {1887}}

@book{cope1904primary,
	Author = {Cope, Edward D},
	Publisher = {Open Court},
	Title = {The primary factors of organic evolution},
	Year = {1904}}

@book{coyne2004speciation,
	Author = {Coyne, Jerry A and Orr, H Allen},
	Pages = {10--54},
	Publisher = {Sinauer Associates},
	Title = {Speciation},
	Year = {2004}}

@article{darling1996phylogeny,
	Author = {Darling, KF and Kroon, D and Wade, CM and Brown, AJ Leigh},
	Journal = {The Journal of Foraminiferal Research},
	Number = {4},
	Pages = {324--330},
	Publisher = {CFFR},
	Title = {Molecular phylogeny of the planktic foraminifera},
	Volume = {26},
	Year = {1996}}

@article{darling1997polyphyletic,
	Author = {Darling, Kate F and Wade, Christopher M and Kroon, Dick and Brown, Andrew J Leigh},
	Journal = {Marine Micropaleontology},
	Number = {4},
	Pages = {251--266},
	Publisher = {Elsevier},
	Title = {Planktic foraminiferal molecular evolution and their polyphyletic origins from benthic taxa},
	Volume = {30},
	Year = {1997}}

@article{darling1999diversity,
	Author = {Darling, Kate F and Wade, Christopher M and Kroon, Dick and Bijma, Jelle and Leigh Brown, AJL},
	Journal = {Paleoceanography},
	Number = {1},
	Pages = {3--12},
	Title = {The diversity and distribution of modern planktic foraminiferal small subunit ribosomal {RNA} genotypes and their potential as tracers of present and past ocean circulations},
	Volume = {14},
	Year = {1999}}

@article{darling2000molecular,
	Author = {Darling, Kate F and Wade, Christopher M and Stewart, Iain A and Kroon, Dick and Dingle, Richard and Brown, Andrew J Leigh},
	Journal = {Nature},
	Number = {6782},
	Pages = {43--47},
	Publisher = {Nature Publishing Group},
	Title = {Molecular evidence for genetic mixing of Arctic and Antarctic subpolar populations of planktonic foraminifers},
	Volume = {405},
	Year = {2000}}

@article{darling2003seasonal,
	Author = {Darling, Kate F and Kucera, Michal and Wade, Christopher M and von Langen, Peter and Pak, Dorothy},
	Journal = {Paleoceanography},
	Number = {2},
	Publisher = {Wiley Online Library},
	Title = {Seasonal distribution of genetic types of planktonic foraminifer morphospecies in the {Santa Barbara Channel} and its paleoceanographic implications},
	Volume = {18},
	Year = {2003}}

@article{darling2004polarQuaternary,
	Author = {Darling, Kate F and Kucera, Michal and Pudsey, Carol J and Wade, Christopher M},
	Journal = {Proceedings of the National Academy of Sciences of the United States of America},
	Number = {20},
	Pages = {7657--7662},
	Publisher = {National Acad Sciences},
	Title = {Molecular evidence links cryptic diversification in polar planktonic protists to Quaternary climate dynamics},
	Volume = {101},
	Year = {2004}}

@article{darling2006coiling,
	Author = {Darling, Kate F and Kucera, Michal and Kroon, Dick and Wade, Christopher M},
	Journal = {Paleoceanography},
	Number = {2},
	Pages = {1--14},
	Publisher = {Wiley Online Library},
	Title = {A resolution for the coiling direction paradox in \textit{Neogloboquadrina pachyderma}},
	Volume = {21},
	Year = {2006},
	Bdsk-File-1 = {YnBsaXN0MDDUAQIDBAUGJCVYJHZlcnNpb25YJG9iamVjdHNZJGFyY2hpdmVyVCR0b3ASAAGGoKgHCBMUFRYaIVUkbnVsbNMJCgsMDxJXTlMua2V5c1pOUy5vYmplY3RzViRjbGFzc6INDoACgAOiEBGABIAFgAdccmVsYXRpdmVQYXRoWWFsaWFzRGF0YV8QPy4uLy4uLy4uLy4uLy4uLy5UcmFzaC9EYXJsaW5nX2V0X2FsLTIwMDYtUGFsZW9jZWFub2dyYXBoeS0xLnBkZtIXCxgZV05TLmRhdGFPEQHsAAAAAAHsAAIAAAxNYWNpbnRvc2ggSEQAAAAAAAAAAAAAAAAAAADQrx90SCsAAAF0degfRGFybGluZ19ldF9hbC0yMDA2LSMxODdFQTM0LnBkZgAAAAAAAAAAAAAAAAAAAAAAAAAAAAAAAAAAAAAAAAAAAYfqNNMhFjEAAAAAAAAAAAAFAAIAAAkgAAAAAAAAAAAAAAAAAAAABi5UcmFzaAAQAAgAANCvEWQAAAARAAgAANMg+hEAAAABAAwBdHXoAAwMRgAKcTMAAgBNTWFjaW50b3NoIEhEOlVzZXJzOgBtYXJpbmFjb3N0YXJpbGxvOgAuVHJhc2g6AERhcmxpbmdfZXRfYWwtMjAwNi0jMTg3RUEzNC5wZGYAAA4AVAApAEQAYQByAGwAaQBuAGcAXwBlAHQAXwBhAGwALQAyADAAMAA2AC0AUABhAGwAZQBvAGMAZQBhAG4AbwBnAHIAYQBwAGgAeQAtADEALgBwAGQAZgAPABoADABNAGEAYwBpAG4AdABvAHMAaAAgAEgARAASAEdVc2Vycy9tYXJpbmFjb3N0YXJpbGxvLy5UcmFzaC9EYXJsaW5nX2V0X2FsLTIwMDYtUGFsZW9jZWFub2dyYXBoeS0xLnBkZgAAEwABLwAAFQACABf//wAAgAbSGxwdHlokY2xhc3NuYW1lWCRjbGFzc2VzXU5TTXV0YWJsZURhdGGjHR8gVk5TRGF0YVhOU09iamVjdNIbHCIjXE5TRGljdGlvbmFyeaIiIF8QD05TS2V5ZWRBcmNoaXZlctEmJ1Ryb290gAEACAARABoAIwAtADIANwBAAEYATQBVAGAAZwBqAGwAbgBxAHMAdQB3AIQAjgDQANUA3QLNAs8C1ALfAugC9gL6AwEDCgMPAxwDHwMxAzQDOQAAAAAAAAIBAAAAAAAAACgAAAAAAAAAAAAAAAAAAAM7}}

@article{darling2007artic,
	Author = {Darling, Kate F and Kucera, Michal and Wade, Christopher M},
	Journal = {Proceedings of the National Academy of Sciences},
	Number = {12},
	Pages = {5002--5007},
	Publisher = {National Acad Sciences},
	Title = {Global molecular phylogeography reveals persistent Arctic circumpolar isolation in a marine planktonic protist},
	Volume = {104},
	Year = {2007}}

@article{darling2008genetic,
	Author = {Darling, Kate F and Wade, Christopher M},
	Journal = {Marine Micropaleontology},
	Number = {3},
	Pages = {216--238},
	Publisher = {Elsevier},
	Title = {The genetic diversity of planktic foraminifera and the global distribution of ribosomal RNA genotypes},
	Volume = {67},
	Year = {2008}}

@article{darling2009massext,
	Author = {Darling, Kate F and Thomas, Ellen and Kasemann, Simone A and Seears, Heidi A and Smart, Christopher W and Wade, Christopher M},
	Journal = {Proceedings of the National Academy of Sciences},
	Number = {31},
	Pages = {12629--12633},
	Publisher = {National Acad Sciences},
	Title = {Surviving mass extinction by bridging the benthic/planktic divide},
	Volume = {106},
	Year = {2009}}

@article{devargas1997rates,
	Author = {De Vargas, Colomban and Zaninetti, Louisette and Hilbrecht, Heinz and Pawlowski, Jan},
	Journal = {Journal of Molecular Evolution},
	Number = {3},
	Pages = {285--294},
	Publisher = {Springer},
	Title = {Phylogeny and rates of molecular evolution of planktonic foraminifera: {SSU rDNA} sequences compared to the fossil record},
	Volume = {45},
	Year = {1997}}

@article{devargas1998moltax,
	Author = {De Vargas, Colomban and Pawlowski, Jan},
	Journal = {Molecular Phylogenetics and Evolution},
	Number = {3},
	Pages = {463--469},
	Publisher = {Elsevier},
	Title = {Molecular versus taxonomic rates of evolution in planktonic foraminifera},
	Volume = {9},
	Year = {1998}}

@article{devargas1999provinces,
	Author = {De Vargas, Colomban and Norris, Richard and Zaninetti, Louisette and Gibb, Stuart W and Pawlowski, Jan},
	Journal = {Proceedings of the National Academy of Sciences},
	Number = {6},
	Pages = {2864--2868},
	Publisher = {National Acad Sciences},
	Title = {Molecular evidence of cryptic speciation in planktonic foraminifers and their relation to oceanic provinces},
	Volume = {96},
	Year = {1999}}

@article{devargas2001pleistocene,
	Author = {De Vargas, Colomban and Renaud, Sabrina and Hilbrecht, Heinz and Pawlowski, Jan},
	Journal = {Journal Information},
	Number = {1},
	Title = {Pleistocene adaptive radiation in \textit{Globorotalia truncatulinoides}: genetic, morphologic, and environmental evidence},
	Volume = {27},
	Year = {2001}}

@article{devargas2002siphonifera,
	Author = {De Vargas, Colomban and Bonzon, Muriel and Rees, Nigel W and Pawlowski, Jan and Zaninetti, Louisette},
	Journal = {Marine Micropaleontology},
	Number = {2},
	Pages = {101--116},
	Publisher = {Elsevier},
	Title = {A molecular approach to biodiversity and biogeography in the planktonic foraminifer \textit{Globigerinella siphonifera} (d'Orbigny)},
	Volume = {45},
	Year = {2002}}

@article{doebeli2003speciation,
	Author = {Doebeli, Michael and Dieckmann, Ulf},
	Journal = {Nature},
	Number = {6920},
	Pages = {259--264},
	Publisher = {Nature Publishing Group},
	Title = {Speciation along environmental gradients},
	Volume = {421},
	Year = {2003}}

@article{dosreis2012phylogenomic,
	Author = {dos Reis, Mario and Inoue, Jun and Hasegawa, Masami and Asher, Robert J and Donoghue, Philip CJ and Yang, Ziheng},
	Journal = {Proceedings of the Royal Society B: Biological Sciences},
	Pages = {3491--3500},
	Publisher = {The Royal Society},
	Title = {Phylogenomic datasets provide both precision and accuracy in estimating the timescale of placental mammal phylogeny},
	Year = {2012}}

@article{easton1979iron,
	Author = {Easton, Alexander J and Buckley, Henry A},
	Journal = {Meteoritics},
	Pages = {143--152},
	Title = {Iron meteorites of {Group} {IA} and {IIA-Study} of phosphide morphology enhanced by dry {Cl${_2}$} etching},
	Volume = {14},
	Year = {1979}}

@article{easton1983plessite,
	Author = {Easton, Alexander J and Buckley, Henry A},
	Journal = {Mineralogical magazine},
	Number = {3},
	Pages = {413--415},
	Publisher = {Mineralogical Society},
	Title = {Plessite textures in the {Toluca} ({Group IA}) iron meteorite revealed by the selective attack of chlorine},
	Volume = {47},
	Year = {1983}}

@article{eldredge2005dynamics,
	Author = {Eldredge, Niles and Thompson, John N and Brakefield, Paul M and Gavrilets, Sergey and Jablonski, David and Jackson, Jeremy BC and Lenski, Richard E and Lieberman, Bruce S and McPeek, Mark A and Miller III, William},
	Journal = {Paleobiology},
	Number = {sp5},
	Pages = {133--145},
	Publisher = {The Paleontological Society},
	Title = {The dynamics of evolutionary stasis},
	Volume = {31},
	Year = {2005}}

@article{enquist2003cope,
	Author = {Enquist, Brian J},
	Journal = {Plant, Cell \& Environment},
	Number = {1},
	Pages = {151--161},
	Publisher = {Wiley Online Library},
	Title = {Cope's Rule and the evolution of long-distance transport in vascular plants: allometric scaling, biomass partitioning and optimization},
	Volume = {26},
	Year = {2003}}

@article{etienne2012diversity,
	Author = {Etienne, Rampal S and Haegeman, Bart and Stadler, Tanja and Aze, Tracy and Pearson, Paul N and Purvis, Andy and Phillimore, Albert B},
	Journal = {Proceedings of the Royal Society B: Biological Sciences},
	Pages = {1300--1309},
	Publisher = {The Royal Society},
	Title = {Diversity-dependence brings molecular phylogenies closer to agreement with the fossil record},
	Volume = {279},
	Year = {2012}}

@article{etienne2012conceptual,
	Author = {Etienne, Rampal S and Haegeman, Bart},
	Journal = {The American Naturalist},
	Number = {4},
	Pages = {75--89},
	Publisher = {JSTOR},
	Title = {A conceptual and statistical framework for adaptive radiations with a key role for diversity dependence},
	Volume = {180},
	Year = {2012}}

@book{evenhuis2008compendium,
	Author = {Evenhuis, Neal L},
	Number = {41},
	Publisher = {Bishop Museum},
	Title = {A compendium of zoological type nomenclature: a reference source},
	Year = {2008}}

@article{ezard2011interplay,
	Author = {Ezard, Thomas HG and Aze, Tracy and Pearson, Paul N and Purvis, Andy},
	Journal = {Science},
	Number = {6027},
	Pages = {349--351},
	Title = {Interplay between changing climate and species' ecology drives macroevolutionary dynamics},
	Volume = {332},
	Year = {2011}}

@article{fenton2016impact,
	Author = {Fenton, Isabel S and Pearson, Paul N and Dunkley Jones, Tom and Farnsworth, Alexander and Lunt, Daniel J and Markwick, Paul and Purvis, Andy},
	Journal = {Philosophical Transactions of the Royal Society of London B: Biological Sciences},
	Number = {1691},
	Pages = {20150224},
	Publisher = {The Royal Society},
	Title = {The impact of {Cenozoic} cooling on assemblage diversity in planktonic foraminifera},
	Volume = {371},
	Year = {2016}}

@article{fleet1980rare,
	Author = {Fleet, Andrew J and Buckley, Henry A and Johnson, Leslie R},
	Journal = {Journal of the Geological Society},
	Number = {6},
	Pages = {683--688},
	Publisher = {Geological Society of London},
	Title = {The rare earth element geochemistry of glauconites and celadonites},
	Volume = {137},
	Year = {1980}}

@article{foote1996fossil,
	Author = {Foote, Mike and Raup, David M},
	Journal = {Paleobiology},
	Number = {2},
	Pages = {121--140},
	Publisher = {The Paleontological Society},
	Title = {Fossil preservation and the stratigraphic ranges of taxa},
	Volume = {22},
	Year = {1996}}

@article{foote2007symmetric,
	Author = {Foote, Michael},
	Journal = {Paleobiology},
	Number = {4},
	Pages = {517--529},
	Publisher = {The Paleontological Society},
	Title = {Symmetric waxing and waning of marine invertebrate genera},
	Volume = {33},
	Year = {2007}}

@article{fok1983settling,
	Author = {Fok-Pun, Luis and Komar, Paul D},
	Journal = {The Journal of Foraminiferal Research},
	Number = {1},
	Pages = {60--68},
	Publisher = {CFFR},
	Title = {Settling velocities of planktonic foraminifera; density variations and shape effects},
	Volume = {13},
	Year = {1983}}

@article{fraass2015macroevolutionary,
	Author = {Fraass, Andrew J and Kelly, D Clay and Peters, Shanan},
	Journal = {Annual Review of Earth and Planetary Sciences},
	Number = {0},
	Pages = {139--166},
	Publisher = {Annual Reviews 4139 El Camino Way, PO Box 10139, Palo Alto, California 94303-0139, USA},
	Title = {Macroevolutionary history of the planktic foraminifera},
	Volume = {43},
	Year = {2015}}

@article{gardner2014natural,
	Author = {Gardner, Janet L and Amano, Tatsuya and Sutherland, William J and Joseph, Leo and Peters, Anne},
	Journal = {Frontiers in Ecology and the Environment},
	Number = {8},
	Pages = {436--438},
	Publisher = {Eco Soc America},
	Title = {Are natural history collections coming to an end as time-series? Peer-reviewed letter},
	Volume = {12},
	Year = {2014}}

@article{gavrilets2009adaptive,
	Author = {Gavrilets, Sergey and Losos, Jonathan B},
	Journal = {Science},
	Number = {5915},
	Pages = {732--737},
	Publisher = {American Association for the Advancement of Science},
	Title = {Adaptive radiation: contrasting theory with data},
	Volume = {323},
	Year = {2009}}

@manual{rpack2015geosphere,
	Author = {Robert J. Hijmans},
	Note = {R package version 1.5-1},
	Title = {geosphere: Spherical Trigonometry},
	Url = {https://CRAN.R-project.org/package=geosphere},
	Year = {2015},
	Bdsk-Url-1 = {https://CRAN.R-project.org/package=geosphere}}

@article{gill2008metadata,
	Author = {Gill, Tony},
	Journal = {Introduction to metadata 3.0 J. Paul Getty Trust},
	Title = {Metadata and the Web},
	Year = {2008}}

@article{gillespie1976general,
	Author = {Gillespie, Daniel T},
	Journal = {Journal of computational physics},
	Number = {4},
	Pages = {403--434},
	Publisher = {Elsevier},
	Title = {A general method for numerically simulating the stochastic time evolution of coupled chemical reactions},
	Volume = {22},
	Year = {1976}}

@article{glor2010phylogenetic,
	Author = {Glor, Richard E},
	Journal = {Annual Review of Ecology, Evolution, and Systematics},
	Pages = {251--270},
	Publisher = {Annual Reviews},
	Title = {Phylogenetic insights on adaptive radiation},
	Volume = {41},
	Year = {2010}}

@article{gotanda2015linking,
	Author = {Gotanda, Kiyoko M and Correa, Cristi{\'a}n and Turcotte, Martin M and Rolshausen, Gregor and Hendry, Andrew P},
	Journal = {Evolution},
	Number = {5},
	Pages = {1345--1354},
	Publisher = {Wiley Online Library},
	Title = {Linking macrotrends and microrates: re-evaluating microevolutionary support for {Cope}'s rule},
	Volume = {69},
	Year = {2015}}

@article{gould1993punctuated,
	Author = {Gould, Stephen Jay and Eldredge, Niles},
	Journal = {Nature},
	Pages = {223--227},
	Title = {Punctuated equilibrium comes of age},
	Volume = {366},
	Year = {1993}}

@article{gould1977punctuated,
	Author = {Gould, Stephen Jay and Eldredge, Niles},
	Journal = {Paleobiology},
	Pages = {115--151},
	Publisher = {The Paleontological Society},
	Title = {Punctuated equilibria: the tempo and mode of evolution reconsidered},
	Year = {1977}}

@article{hall1991ammonium,
	Author = {Hall, A and Buckley, Henry A},
	Journal = {Mineralogical magazine},
	Number = {2},
	Pages = {280--282},
	Publisher = {Mineralogical Society},
	Title = {Ammonium in glauconite and celadonite},
	Volume = {55},
	Year = {1991}}

@article{harmon2015unbounded,
	Author = {Harmon, Luke J and Harrison, Susan},
	Journal = {The American Naturalist},
	Number = {5},
	Pages = {584--593},
	Publisher = {JSTOR},
	Title = {Species diversity is dynamic and unbounded at local and continental scales},
	Volume = {185},
	Year = {2015}}

@article{hecht1976ecologic,
	Author = {Hecht, Alan D},
	Journal = {The Journal of Foraminiferal Research},
	Number = {4},
	Pages = {295--311},
	Publisher = {CFFR},
	Title = {An ecologic model for test size variation in {Recent} planktonic foraminifera; applications to the fossil record},
	Volume = {6},
	Year = {1976}}

@article{heim2015cope,
	Author = {Heim, Noel A and Knope, Matthew L and Schaal, Ellen K and Wang, Steve C and Payne, Jonathan L},
	Journal = {Science},
	Number = {6224},
	Pages = {867--870},
	Publisher = {American Association for the Advancement of Science},
	Title = {Cope's rule in the evolution of marine animals},
	Volume = {347},
	Year = {2015}}

@article{hemleben1987sacculifer,
	Author = {Hemleben, Christoph and Spindler, Michael and Breitinger, Ingrid and Ott, Rolf},
	Date-Modified = {2018-02-20 10:22:13 +0000},
	Journal = {Marine Micropaleontology},
	Pages = {305--324},
	Publisher = {Elsevier},
	Title = {Morphological and physiological responses of \textit{Globigerinoides sacculifer} ({Brady}) under varying laboratory conditions},
	Volume = {12},
	Year = {1987}}

@book{hemleben1989modern,
	Author = {Hemleben, Christoph and Spindler, Michael and Anderson, O. Roger},
	Publisher = {Springer-Verlag New York Inc.},
	Title = {Modern planktonic foraminifera},
	Year = {1989}}

@article{hendry2008whither,
	Author = {Hendry, Andrew P and Gonzalez, Andrew},
	Journal = {Biology \& Philosophy},
	Number = {5},
	Pages = {673--699},
	Publisher = {Springer},
	Title = {Whither adaptation?},
	Volume = {23},
	Year = {2008}}

@article{hendry2009disruptive,
	Author = {Hendry, Andrew P and Huber, Sarah K and De Leon, Luis F and Herrel, Anthony and Podos, Jeffrey},
	Journal = {Proceedings of the Royal Society of London B: Biological Sciences},
	Number = {1657},
	Pages = {753--759},
	Publisher = {The Royal Society},
	Title = {Disruptive selection in a bimodal population of Darwin's finches},
	Volume = {276},
	Year = {2009}}

@article{hone2005evolution,
	Author = {Hone, David WE and Benton, Michael J},
	Journal = {Trends in Ecology \& Evolution},
	Number = {1},
	Pages = {4--6},
	Publisher = {Elsevier},
	Title = {The evolution of large size: how does {Cope}'s rule work?},
	Volume = {20},
	Year = {2005}}

@article{hone2005macroevolutionary,
	Author = {Hone, DWE and Keesey, TM and Pisani, D and Purvis, A},
	Journal = {Journal of evolutionary biology},
	Number = {3},
	Pages = {587--595},
	Publisher = {Wiley Online Library},
	Title = {Macroevolutionary trends in the {Dinosauria}: {Cope}'s rule},
	Volume = {18},
	Year = {2005}}

@article{hsiang2016towards,
	Author = {Hsiang, Allison Y and Elder, Leanne E and Hull, Pincelli M},
	Journal = {Philosophical Transactions of the Royal Society of London B: Biological Sciences},
	Number = {1691},
	Pages = {20150227},
	Publisher = {The Royal Society},
	Title = {Towards a morphological metric of assemblage dynamics in the fossil record: a test case using planktonic foraminifera},
	Volume = {371},
	Year = {2016}}

@article{huber1997cryptic,
	Author = {Huber, Brian and Bijma, Jelle and Darling, Kate},
	Journal = {Paleobiology},
	Number = {1},
	Pages = {33--62},
	Publisher = {The Paleontological Society},
	Title = {Cryptic speciation in the living planktonic foraminifer Globigerinella siphonifera (d'Orbigny)},
	Volume = {23},
	Year = {1997}}

@article{hubert2015metacommunity,
	Author = {Hubert, Nicolas and Calcagno, Vincent and Etienne, Rampal S and Mouquet, Nicolas},
	Date-Added = {2015-09-07 14:28:56 +0000},
	Date-Modified = {2015-09-08 08:35:53 +0000},
	Journal = {Ecology Letters},
	Number = {8},
	Pages = {864--881},
	Publisher = {Wiley Online Library},
	Title = {Metacommunity speciation models and their implications for diversification theory},
	Volume = {18},
	Year = {2015}}

@article{hull2009evidence,
	Author = {Hull, Pincelli M and Norris, Richard D},
	Journal = {Proceedings of the National Academy of Sciences},
	Number = {50},
	Pages = {21224--21229},
	Publisher = {National Acad Sciences},
	Title = {Evidence for abrupt speciation in a classic case of gradual evolution},
	Volume = {106},
	Year = {2009}}

@article{hunt2006coperule,
	Author = {Hunt, Gene and Roy, Kaustuv},
	Journal = {Proceedings of the National Academy of Sciences},
	Number = {5},
	Pages = {1347--1352},
	Publisher = {National Acad Sciences},
	Title = {Climate change, body size evolution, and {Cope}'s Rule in deep-sea ostracodes},
	Volume = {103},
	Year = {2006}}

@article{hunt2007ostracode,
	Author = {Hunt, Gene},
	Journal = {Evolution},
	Number = {7},
	Pages = {1560--1576},
	Publisher = {Wiley Online Library},
	Title = {Evolutionary divergence in directions of high phenotypic variance in the ostracode genus Poseidonamicus},
	Volume = {61},
	Year = {2007}}

@article{hunt2007relative,
	Author = {Hunt, Gene},
	Journal = {Proceedings of the National Academy of Sciences},
	Number = {47},
	Pages = {18404--18408},
	Publisher = {National Acad Sciences},
	Title = {The relative importance of directional change, random walks, and stasis in the evolution of fossil lineages},
	Volume = {104},
	Year = {2007}}

@article{hunt2008evolution,
	Author = {Hunt, Gene and Bell, Michael A and Travis, Matthew P},
	Journal = {Evolution},
	Number = {3},
	Pages = {700--710},
	Publisher = {Wiley Online Library},
	Title = {Evolution toward a new adaptive optimum: phenotypic evolution in a fossil stickleback lineage},
	Volume = {62},
	Year = {2008}}

@article{hunt2010climate,
	Author = {Hunt, Gene and Wicaksono, Satrio A and Brown, Julia E and MacLeod, Kenneth G},
	Journal = {Palaeontology},
	Number = {6},
	Pages = {1255--1268},
	Publisher = {Wiley Online Library},
	Title = {Climate-driven body-size trends in the ostracod fauna of the deep {Indian Ocean}},
	Volume = {53},
	Year = {2010}}

@article{hunt2014phenotypic,
	Author = {Hunt, Gene and Rabosky, Daniel L},
	Journal = {Annual Review of Earth and Planetary Sciences},
	Pages = {421--441},
	Publisher = {Annual Reviews},
	Title = {Phenotypic evolution in fossil species: pattern and process},
	Volume = {42},
	Year = {2014}}

@article{jablonski2008species,
	Author = {Jablonski, David},
	Journal = {Annual Review of Ecology, Evolution, and Systematics},
	Pages = {501--524},
	Publisher = {Annual Reviews},
	Title = {Species selection: theory and data},
	Volume = {39},
	Year = {2008}}

@article{jasmin2007experimental,
	Author = {Jasmin, Jean-Nicolas and Kassen, Rees},
	Journal = {Ecology letters},
	Number = {4},
	Pages = {272--281},
	Publisher = {Wiley Online Library},
	Title = {On the experimental evolution of specialization and diversity in heterogeneous environments},
	Volume = {10},
	Year = {2007}}

@article{jetz2012global,
	Author = {Jetz, W and Thomas, GH and Joy, JB and Hartmann, K and Mooers, AO},
	Journal = {Nature},
	Number = {7424},
	Pages = {444--448},
	Publisher = {Nature Publishing Group},
	Title = {The global diversity of birds in space and time},
	Volume = {491},
	Year = {2012}}

@article{jonkers2015lunar,
	Author = {Jonkers, Lukas and Reynolds, Caitlin E and Richey, Julie and Hall, Ian Richard},
	Journal = {Biogeosciences},
	Number = {10},
	Pages = {3061--3070},
	Publisher = {European Geosciences Union},
	Title = {Lunar periodicity in the shell flux of planktonic foraminifera in the {Gulf of Mexico}},
	Volume = {12},
	Year = {2015}}

@article{keating2016physicochemical,
	Author = {Keating-Bitonti, Caitlin R and Payne, Jonathan L},
	Journal = {Paleobiology},
	Pages = {1--17},
	Publisher = {Cambridge University Press},
	Title = {Physicochemical controls on biogeographic variation of benthic foraminiferal test size and shape},
	Year = {2016}}

@article{kempe1987britishmuseum,
	Author = {Kempe, David R C and Buckley, Henry A},
	Journal = {Bulletin of the British Museum (Natural History)},
	Number = {2},
	Pages = {59--97},
	Title = {Fifty years of oceanography in the {Department of Mineralogy}, {British Museum} ({Natural History})},
	Volume = {15},
	Year = {1987}}

@article{kendall1948generalized,
	Author = {Kendall, David G},
	Journal = {The annals of mathematical statistics},
	Pages = {1--15},
	Publisher = {JSTOR},
	Title = {On the generalized" birth-and-death" process},
	Year = {1948}}

@article{kennett1976phenotypic,
	Author = {Kennett, James P},
	Journal = {Foraminifera},
	Number = {11},
	Pages = {1--170},
	Publisher = {Academic Press New York},
	Title = {Phenotypic variation in some {Recent} and late {Cenozoic} planktonic foraminifera},
	Volume = {2},
	Year = {1976}}

@article{ketten1979gametogenesis,
	Author = {Ketten, Darlene R and Edmond, John M},
	Publisher = {Nature Publishing Group},
	Title = {Gametogenesis and calcification of planktonic foraminifera},
	Year = {1979}}

@article{kingsolver2004individual,
	Author = {Kingsolver, Joel G and Pfennig, David W},
	Journal = {Evolution},
	Number = {7},
	Pages = {1608--1612},
	Publisher = {Wiley Online Library},
	Title = {Individual-level selection as a cause of {Cope}'s rule of phyletic size increase},
	Volume = {58},
	Year = {2004}}

@article{knowlton1993sibling,
	Author = {Knowlton, Nancy},
	Journal = {Annual review of ecology and systematics},
	Pages = {189--216},
	Publisher = {JSTOR},
	Title = {Sibling species in the sea},
	Year = {1993}}

@article{kolokotrones2010curvature,
	Author = {Kolokotrones, Tom and Savage, Van and Deeds, Eric J and Fontana, Walter},
	Journal = {Nature},
	Number = {7289},
	Pages = {753--756},
	Publisher = {Nature Publishing Group},
	Title = {Curvature in metabolic scaling},
	Volume = {464},
	Year = {2010}}

@article{kucera2002cryptic,
	Author = {Kucera, Michal and Darling, Kate F},
	Journal = {Philosophical Transactions of the Royal Society of London A: Mathematical, Physical and Engineering Sciences},
	Number = {1793},
	Pages = {695--718},
	Publisher = {The Royal Society},
	Title = {Cryptic species of planktonic foraminifera: their effect on palaeoceanographic reconstructions},
	Volume = {360},
	Year = {2002}}

@article{kucera2005reconstruction,
	Author = {Kucera, Michal and Weinelt, Mara and Kiefer, Thorsten and Pflaumann, Uwe and Hayes, Angela and Weinelt, Martin and Chen, Min-Te and Mix, Alan C and Barrows, Timothy T and Cortijo, Elsa and others},
	Journal = {Quaternary Science Reviews},
	Number = {7},
	Pages = {951--998},
	Publisher = {Elsevier},
	Title = {Reconstruction of sea-surface temperatures from assemblages of planktonic foraminifera: multi-technique approach based on geographically constrained calibration data sets and its application to glacial {Atlantic} and {Pacific Oceans}},
	Volume = {24},
	Year = {2005}}

@article{kucera2005margo,
	Author = {Kucera, Michal and Rosell-Mel{\'e}, Antoni and Schneider, Ralph and Waelbroeck, Claire and Weinelt, Mara},
	Journal = {Quaternary Science Reviews},
	Number = {7},
	Pages = {813--819},
	Publisher = {Pergamon},
	Title = {Multiproxy approach for the reconstruction of the glacial ocean surface ({MARGO})},
	Volume = {24},
	Year = {2005}}

@article{kucera2007chapter,
	Author = {Kucera, Michal},
	Journal = {Developments in marine geology},
	Pages = {213--262},
	Publisher = {Elsevier},
	Title = {Planktonic foraminifera as tracers of past oceanic environments},
	Volume = {1},
	Year = {2007}}

@article{lamsdell2010cope,
	Author = {Lamsdell, James C and Braddy, Simon J},
	Journal = {Biology Letters},
	Number = {2},
	Pages = {265--269},
	Publisher = {The Royal Society},
	Title = {{Cope}'s Rule and {Romer}'s theory: patterns of diversity and gigantism in eurypterids and {Palaeozoic} vertebrates},
	Volume = {6},
	Year = {2010}}

@article{lande1983measurement,
	Author = {Lande, Russell and Arnold, Stevan J},
	Journal = {Evolution},
	Pages = {1210--1226},
	Publisher = {Wiley Online Library},
	Title = {The measurement of selection on correlated characters},
	Year = {1983}}

@article{lande1979quantitative,
	Author = {Lande, Russell},
	Journal = {Evolution},
	Pages = {402--416},
	Publisher = {Wiley Online Library},
	Title = {Quantitative genetic analysis of multivariate evolution, applied to brain: body size allometry},
	Year = {1979}}

@article{landry2007parallel,
	Author = {Landry, L and Vincent, WF and Bernatchez, L},
	Journal = {Journal of evolutionary biology},
	Number = {3},
	Pages = {971--984},
	Publisher = {Wiley Online Library},
	Title = {Parallel evolution of lake whitefish dwarf ecotypes in association with limnological features of their adaptive landscape},
	Volume = {20},
	Year = {2007}}

@article{lazarus1995sympatric,
	Author = {Lazarus, David and Hilbrecht, Heinz and Spencer-Cervato, Cinzia and Thierstein, Hans},
	Journal = {Paleobiology},
	Number = {01},
	Pages = {28--51},
	Publisher = {Cambridge University Press},
	Title = {Sympatric speciation and phyletic change in \textit{Globorotalia truncatulinoides}},
	Volume = {21},
	Year = {1995}}

@article{lee2006global,
	Author = {Lee, Kitack and Tong, Lan T and Millero, Frank J and Sabine, Christopher L and Dickson, Andrew G and Goyet, Catherine and Park, Geun-Ha and Wanninkhof, Rik and Feely, Richard A and Key, Robert M},
	Journal = {Geophysical Research Letters},
	Number = {19},
	Publisher = {Wiley Online Library},
	Title = {Global relationships of total alkalinity with salinity and temperature in surface waters of the world's oceans},
	Volume = {33},
	Year = {2006}}

@article{lingwood1981challenger,
	Author = {Lingwood, Peter F},
	Journal = {Archives of Natural History},
	Number = {1},
	Pages = {71-77},
	Title = {The dispersal of the collections of {HMS} \textit{Challenger}; an example of the importance of historical research in tracing a systematically important collection},
	Volume = {1},
	Year = {1981}}

@article{lister2011natural,
	Author = {Lister, Adrian M and Climate Change Research Group},
	Journal = {Trends in Ecology \& Evolution},
	Number = {4},
	Pages = {153--154},
	Publisher = {Elsevier},
	Title = {Natural history collections as sources of long-term datasets},
	Volume = {26},
	Year = {2011}}

@article{rpack2015lme4,
	Author = {Douglas Bates and Martin M{\"a}chler and Ben Bolker and Steve Walker},
	Journal = {Journal of Statistical Software},
	Number = {1},
	Pages = {1--48},
	Title = {Fitting linear mixed-effects models using \emph{lme4}},
	Volume = {67},
	Year = {2015}}

@article{locarnini2013woa,
	Author = {R A Locarnini and A V Mishonov and J I Antonov and T P Boyer and H E Garcia and O K Baranova and M M Zweng and C R Paver and J R Reagan and D R Johnson and M Hamilton and D Seidov},
	Journal = {NOAA Atlas NESDIS},
	Pages = {1--40},
	Title = {{World Ocean Atlas} 2013, {Volume} 1: {Temperature}},
	Volume = {73},
	Year = {2013}}

@article{lomolino2012mice,
	Author = {Lomolino, Mark V and Sax, Dov F and Palombo, Maria Rita and Van Der Geer, Alexandra A},
	Journal = {Journal of Biogeography},
	Number = {5},
	Pages = {842--854},
	Publisher = {Wiley Online Library},
	Title = {Of mice and mammoths: evaluations of causal explanations for body size evolution in insular mammals},
	Volume = {39},
	Year = {2012}}

@article{magurran2010long,
	Author = {Magurran, Anne E and Baillie, Stephen R and Buckland, Stephen T and Dick, Jan McP and Elston, David A and Scott, E Marian and Smith, Rognvald I and Somerfield, Paul J and Watt, Allan D},
	Journal = {Trends in ecology \& evolution},
	Number = {10},
	Pages = {574--582},
	Publisher = {Elsevier},
	Title = {Long-term datasets in biodiversity research and monitoring: assessing change in ecological communities through time},
	Volume = {25},
	Year = {2010}}

@article{malmgren1977falconensis,
	Author = {Malmgren, Bj{\"o}rn A and Kennett, James P},
	Date-Modified = {2017-11-07 14:17:50 +0000},
	Journal = {The Journal of Foraminiferal Research},
	Number = {2},
	Pages = {131--148},
	Publisher = {CFFR},
	Title = {Biometric differentiation between {Recent} \textit{Globigerina bulloides} and \textit{Globigerina falconensis} in the southern {Indian Ocean}},
	Volume = {7},
	Year = {1977}}

@article{rpack2013marmap,
	Author = {Eric Pante and Benoit Simon-Bouhet},
	Journal = {PLoS One},
	Number = {9},
	Pages = {e73051},
	Publisher = {Public Library of Science},
	Title = {\emph{marmap}: a package for importing, plotting and analyzing bathymetric and topographic data in {R}},
	Volume = {8},
	Year = {2013}}

@article{margo2009lgm,
	Author = {{MARGO Project Members} and Waelbroeck, Claere and Paul, A and Kucera, Michael and Rosell-Mel{\'e}, A and Weinelt, Mara and Schneider, Ralph and Mix, AC and Abelmann, A and Armand, L and Bard, E and others},
	Date-Modified = {2018-02-18 14:35:00 +0000},
	Journal = {Nature Geoscience},
	Number = {2},
	Pages = {127--132},
	Publisher = {Nature Publishing Group},
	Title = {Constraints on the magnitude and patterns of ocean cooling at the {Last Glacial Maximum}},
	Volume = {2},
	Year = {2009}}

@article{martin2013multiple,
	Author = {Martin, Christopher H and Wainwright, Peter C},
	Journal = {Science},
	Number = {6116},
	Pages = {208--211},
	Publisher = {American Association for the Advancement of Science},
	Title = {Multiple fitness peaks on the adaptive landscape drive adaptive radiation in the wild},
	Volume = {339},
	Year = {2013}}

@article{mattila2008extant,
	Author = {Mattila, Tiina M and Bokma, Folmer},
	Journal = {Proceedings of the Royal Society B: Biological Sciences},
	Number = {1648},
	Pages = {2195--2199},
	Publisher = {The Royal Society},
	Title = {Extant mammal body masses suggest punctuated equilibrium},
	Volume = {275},
	Year = {2008}}

@article{mckellar2014geographic,
	Author = {McKellar, Ann E and Kesler, Dylan C and Mitchell, Robert J and Delaney, David K and Walters, Jeffrey R},
	Journal = {Biological Conservation},
	Pages = {52--64},
	Publisher = {Elsevier},
	Title = {Geographic variation in fitness and foraging habitat quality in an endangered bird},
	Volume = {175},
	Year = {2014}}

@article{millien2006ecotypic,
	Author = {Millien, Virginie and Kathleen Lyons, S and Olson, Link and Smith, Felisa A and Wilson, Anthony B and Yom-Tov, Yoram},
	Journal = {Ecology letters},
	Number = {7},
	Pages = {853--869},
	Publisher = {Wiley Online Library},
	Title = {Ecotypic variation in the context of global climate change: revisiting the rules},
	Volume = {9},
	Year = {2006}}

@article{moen2014whydoes,
	Author = {Moen, Daniel and Morlon, H{\'e}l{\`e}ne},
	Date-Modified = {2015-09-08 08:32:56 +0000},
	Journal = {Trends in Ecology \& Evolution},
	Number = {4},
	Pages = {190--197},
	Publisher = {Elsevier},
	Title = {Why does diversification slow down?},
	Volume = {29},
	Year = {2014}}

@article{moller2013effect,
	Author = {Moller, Tobias and Schulz, Hartmut and Kucera, Michal},
	Journal = {Palaeogeography, Palaeoclimatology, Palaeoecology},
	Pages = {34--48},
	Publisher = {Elsevier},
	Title = {The effect of sea surface properties on shell morphology and size of the planktonic foraminifer \textit{Neogloboquadrina pachyderma} in the {North Atlantic}},
	Volume = {391},
	Year = {2013}}

@article{morard2009universa,
	Author = {Morard, Rapha{\"e}l and Quill{\'e}v{\'e}r{\'e}, Fr{\'e}d{\'e}ric and Escarguel, Gilles and Ujiie, Yurika and de Garidel-Thoron, Thibault and Norris, Richard D and De Vargas, Colomban},
	Journal = {Marine Micropaleontology},
	Number = {3},
	Pages = {148--165},
	Publisher = {Elsevier},
	Title = {Morphological recognition of cryptic species in the planktonic foraminifer \textit{Orbulina universa}},
	Volume = {71},
	Year = {2009}}

@article{morard2011inflata,
	Author = {Morard, Raphael and Quillevere, Frederic and Douady, Christophe J and De Vargas, Colomban and de Garidel-Thoron, Thibault and Escarguel, Gilles and others},
	Journal = {PLoS One},
	Number = {10},
	Pages = {e26665},
	Publisher = {Public Library of Science},
	Title = {Worldwide genotyping in the planktonic foraminifer \textit{Globoconella inflata}: implications for life history and paleoceanography},
	Volume = {6},
	Year = {2011}}

@article{morard2013modeling,
	Author = {Morard, Rapha{\"e}l and Quill{\'e}v{\'e}r{\'e}, Fr{\'e}d{\'e}ric and Escarguel, Gilles and de Garidel-Thoron, Thibault and De Vargas, Colomban and Kucera, Michal},
	Journal = {Palaeogeography, Palaeoclimatology, Palaeoecology},
	Pages = {13--33},
	Publisher = {Elsevier},
	Title = {Ecological modeling of the temperature dependence of cryptic species of planktonic foraminifera in the Southern Hemisphere},
	Volume = {391},
	Year = {2013}}

@article{morard2015pfr2,
	Author = {Morard, Rapha{\"e}l and Darling, Kate F and Mah{\'e}, Fr{\'e}d{\'e}ric and Audic, St{\'e}phane and Ujii{\'e}, Yurika and Weiner, Agnes KM and Andr{\'e}, Aurore and Seears, Heidi A and Wade, Christopher M and Quill{\'e}v{\'e}r{\'e}, Fr{\'e}d{\'e}ric and Escarguel, Gilles and de Garidel-Thoron, Thibault and Siccha, Michal and Kucera, Michal and De Vargas, Colomban},
	Journal = {Molecular Ecology Resources},
	Number = {6},
	Pages = {1472--1485},
	Publisher = {Wiley Online Library},
	Title = {{PFR$^{2}$}: a curated database of planktonic foraminifera {18S} ribosomal {DNA} as a resource for studies of plankton ecology, biogeography and evolution},
	Volume = {15},
	Year = {2015}}

@article{morlon2010inferring,
	Author = {Morlon, H{\'e}l{\`e}ne and Potts, Matthew D and Plotkin, Joshua B},
	Journal = {PLoS Biology},
	Number = {9},
	Pages = {e1000493},
	Title = {Inferring the dynamics of diversification: a coalescent approach},
	Volume = {8},
	Year = {2010}}

@article{moy2009reduced,
	Author = {Moy, Andrew D and Howard, William R and Bray, Stephen G and Trull, Thomas W},
	Journal = {Nature Geoscience},
	Number = {4},
	Pages = {276--280},
	Publisher = {Nature Publishing Group},
	Title = {Reduced calcification in modern {Southern Ocean} planktonic foraminifera},
	Volume = {2},
	Year = {2009}}

@article{nee2006birth,
	Author = {Nee, Sean},
	Journal = {Annual Review of Ecology, Evolution, and Systematics},
	Pages = {1--17},
	Publisher = {JSTOR},
	Title = {Birth-death models in macroevolution},
	Year = {2006}}

@article{nelson2012five,
	Author = {Nelson, Gil and Paul, Deborah and Riccardi, Gregory and Mast, Austin R},
	Journal = {ZooKeys},
	Number = {209},
	Pages = {19},
	Publisher = {Pensoft Publishers},
	Title = {Five task clusters that enable efficient and effective digitization of biological collections},
	Year = {2012}}

@article{norris1991biased,
	Author = {Norris, Richard D},
	Journal = {Paleobiology},
	Number = {04},
	Pages = {388--399},
	Publisher = {Cambridge University Press},
	Title = {Biased extinction and evolutionary trends},
	Volume = {17},
	Year = {1991}}

@article{norris2000pelagic,
	Author = {Norris, Richard D},
	Journal = {Paleobiology},
	Number = {4},
	Pages = {236--258},
	Publisher = {The Paleontological Society},
	Title = {Pelagic species diversity, biogeography, and evolution},
	Volume = {26},
	Year = {2000}}

@article{novack2008scale,
	Author = {Novack-Gottshall, Philip M and Lanier, Michael A},
	Journal = {Proceedings of the National Academy of Sciences},
	Number = {14},
	Pages = {5430--5434},
	Publisher = {National Acad Sciences},
	Title = {Scale-dependence of {Cope}'s rule in body size evolution of {Paleozoic} brachiopods},
	Volume = {105},
	Year = {2008}}

@article{pagel2006large,
	Author = {Pagel, Mark and Venditti, Chris and Meade, Andrew},
	Journal = {Science},
	Number = {5796},
	Pages = {119--121},
	Publisher = {American Association for the Advancement of Science},
	Title = {Large punctuational contribution of speciation to evolutionary divergence at the molecular level},
	Volume = {314},
	Year = {2006}}

@article{parfrey2008dynamic,
	Author = {Parfrey, Laura Wegener and Lahr, Daniel JG and Katz, Laura A},
	Journal = {Molecular biology and evolution},
	Number = {4},
	Pages = {787--794},
	Publisher = {SMBE},
	Title = {The dynamic nature of eukaryotic genomes},
	Volume = {25},
	Year = {2008}}

@article{parker1962foram,
	Author = {Parker, Frances L},
	Journal = {Micropaleontology},
	Pages = {219--254},
	Publisher = {JSTOR},
	Title = {Planktonic foraminiferal species in {Pacific} sediments},
	Year = {1962}}

@article{payne2012late,
	Author = {Payne, Jonathan L and Groves, John R and Jost, Adam B and Nguyen, Thienan and Moffitt, Sarah E and Hill, Tessa M and Skotheim, Jan M},
	Journal = {Evolution},
	Number = {9},
	Pages = {2929--2939},
	Publisher = {Wiley Online Library},
	Title = {Late Paleozoic fusulinoidean gigantism driven by atmospheric hyperoxia},
	Volume = {66},
	Year = {2012}}

@article{pawlowski2000introduction,
	Author = {Pawlowski, Jan},
	Journal = {Micropaleontology},
	Pages = {1--12},
	Publisher = {The Micropaleontology Project},
	Title = {Introduction to the molecular systematics of foraminifera},
	Year = {2000}}

@article{pawlowski2012cbol,
	Author = {Pawlowski, Jan and Audic, St{\'e}phane and Adl, Sina and Bass, David and Belbahri, Lassa{\^a}d and Berney, C{\'e}dric and Bowser, Samuel S and Cepicka, Ivan and Decelle, Johan and Dunthorn, Micah and others},
	Title = {CBOL protist working group: barcoding eukaryotic richness beyond the animal, plant, and fungal kingdoms},
	Year = {2012}}

@inbook{pearson1998evolutionary,
	Author = {Pearson, Paul N},
	Booktitle = {Unlocking the Stratigraphical Record},
	Editor = {Doyle, Peter Doyle and Bennett, Matthew R.},
	Pages = {123--144},
	Publisher = {John Wiley \& Sons},
	Title = {Evolutionary concepts in biostratigraphy},
	Year = {1998}}

@article{pearson2000atmospheric,
	Author = {Pearson, Paul N and Palmer, Martin R},
	Journal = {Nature},
	Number = {6797},
	Pages = {695--699},
	Publisher = {Nature Publishing Group},
	Title = {Atmospheric carbon dioxide concentrations over the past 60 million years},
	Volume = {406},
	Year = {2000}}

@article{pearson2012oxygen,
	Author = {Pearson, Paul N},
	Journal = {Paleontological Society Papers},
	Pages = {1--38},
	Publisher = {The Paleontological Society},
	Title = {Oxygen isotopes in foraminifera: overview and historical review},
	Volume = {18},
	Year = {2012}}

@article{phillimore2008density,
	Author = {Phillimore, Albert B and Price, Trevor D},
	Date-Modified = {2015-09-08 08:30:19 +0000},
	Journal = {PLoS Biology},
	Number = {3},
	Pages = {e71},
	Publisher = {Public Library of Science},
	Title = {Density-dependent cladogenesis in birds},
	Volume = {6},
	Year = {2008}}

@article{pigot2010shape,
	Author = {Pigot, Alex L and Phillimore, Albert B and Owens, Ian PF and Orme, C David L},
	Journal = {Systematic biology},
	Pages = {syq058},
	Publisher = {Oxford University Press},
	Title = {The shape and temporal dynamics of phylogenetic trees arising from geographic speciation},
	Year = {2010}}

@article{quental2010diversity,
	Author = {Quental, Tiago B and Marshall, Charles R},
	Journal = {Trends in Ecology \& Evolution},
	Number = {8},
	Pages = {434--441},
	Publisher = {Elsevier},
	Title = {Diversity dynamics: molecular phylogenies need the fossil record},
	Volume = {25},
	Year = {2010}}

@article{quental2013red,
	Author = {Quental, Tiago B and Marshall, Charles R},
	Journal = {Science},
	Number = {6143},
	Pages = {290--292},
	Publisher = {American Association for the Advancement of Science},
	Title = {How the Red Queen drives terrestrial mammals to extinction},
	Volume = {341},
	Year = {2013}}

@article{quillevere2013global,
	Author = {Quill{\'e}v{\'e}r{\'e}, Fr{\'e}d{\'e}ric and Morard, Rapha{\"e}l and Escarguel, Gilles and Douady, Christophe J and Ujii{\'e}, Yurika and de Garidel-Thoron, Thibault and De Vargas, Colomban},
	Journal = {Palaeogeography, Palaeoclimatology, Palaeoecology},
	Pages = {2--12},
	Publisher = {Elsevier},
	Title = {Global scale same-specimen morpho-genetic analysis of \textit{Truncorotalia truncatulinoides}: A perspective on the morphological species concept in planktonic foraminifera},
	Volume = {391},
	Year = {2013}}

@manual{rprog2017,
	Address = {Vienna, Austria},
	Author = {{R Core Team}},
	Organization = {R Foundation for Statistical Computing},
	Title = {R: A Language and Environment for Statistical Computing},
	Url = {https://www.R-project.org/},
	Year = {2017},
	Bdsk-Url-1 = {https://www.R-project.org/}}

@article{rabosky2008density,
	Author = {Rabosky, Daniel L and Lovette, Irby J},
	Journal = {Proceedings of the Royal Society B: Biological Sciences},
	Number = {1649},
	Pages = {2363--2371},
	Publisher = {The Royal Society},
	Title = {Density-dependent diversification in North American wood warblers},
	Volume = {275},
	Year = {2008}}

@article{rabosky2008explosive,
	Author = {Rabosky, Daniel L and Lovette, Irby J},
	Journal = {Evolution},
	Number = {8},
	Pages = {1866--1875},
	Publisher = {Wiley Online Library},
	Title = {Explosive evolutionary radiations: decreasing speciation or increasing extinction through time?},
	Volume = {62},
	Year = {2008}}

@article{rabosky2009ecological,
	Author = {Rabosky, Daniel L},
	Journal = {Ecology Letters},
	Number = {8},
	Pages = {735--743},
	Publisher = {Wiley Online Library},
	Title = {Ecological limits and diversification rate: alternative paradigms to explain the variation in species richness among clades and regions},
	Volume = {12},
	Year = {2009}}

@article{rabosky2010equilibrium,
	Author = {Rabosky, Daniel L and Glor, Richard E},
	Journal = {Proceedings of the National Academy of Sciences},
	Number = {51},
	Pages = {22178--22183},
	Publisher = {National Acad Sciences},
	Title = {Equilibrium speciation dynamics in a model adaptive radiation of island lizards},
	Volume = {107},
	Year = {2010}}

@article{rabosky2012clade,
	Author = {Rabosky, Daniel L and Slater, Graham J and Alfaro, Michael E},
	Date-Modified = {2015-09-08 08:30:16 +0000},
	Journal = {PLoS Biology},
	Number = {8},
	Pages = {e1001381},
	Publisher = {Public Library of Science},
	Title = {Clade age and species richness are decoupled across the eukaryotic tree of life},
	Volume = {10},
	Year = {2012}}

@article{rabosky2013rates,
	Author = {Rabosky, Daniel L and Santini, Francesco and Eastman, Jonathan and Smith, Stephen A and Sidlauskas, Brian and Chang, Jonathan and Alfaro, Michael E},
	Date-Modified = {2015-09-08 08:35:41 +0000},
	Journal = {Nature Communications},
	Publisher = {Nature Publishing Group},
	Title = {Rates of speciation and morphological evolution are correlated across the largest vertebrate radiation},
	Volume = {4},
	Year = {2013}}

@article{rabosky2015limits,
	Author = {Rabosky, Daniel L and Hurlbert, Allen H and President, ASN and Moderator, Debate and Price, Trevor},
	Journal = {The American Naturalist},
	Number = {5},
	Pages = {572--583},
	Publisher = {JSTOR},
	Title = {Species richness at continental scales is dominated by ecological limits},
	Volume = {185},
	Year = {2015}}

@article{raup1986biological,
	Author = {Raup, David M},
	Journal = {Science},
	Number = {4745},
	Pages = {1528--1533},
	Publisher = {American Association for the Advancement of Science},
	Title = {Biological extinction in earth history},
	Volume = {231},
	Year = {1986}}

@article{roy2008dynamics,
	Author = {Roy, Kaustuv},
	Journal = {Science},
	Number = {5895},
	Pages = {1451--1452},
	Publisher = {American Association for the Advancement of Science},
	Title = {Dynamics of body size evolution},
	Volume = {321},
	Year = {2008}}

@article{saez2003pseudo,
	Author = {S{\'a}ez, Alberto G and Probert, Ian and Geisen, Markus and Quinn, Patrick and Young, Jeremy R and Medlin, Linda K},
	Journal = {Proceedings of the National Academy of Sciences},
	Number = {12},
	Pages = {7163--7168},
	Publisher = {National Acad Sciences},
	Title = {Pseudo-cryptic speciation in coccolithophores},
	Volume = {100},
	Year = {2003}}

@article{sagarin2002abundant,
	Author = {Sagarin, Raphael D and Gaines, Steven D},
	Journal = {Ecology letters},
	Number = {1},
	Pages = {137--147},
	Publisher = {Wiley Online Library},
	Title = {The `abundant centre' distribution: to what extent is it a biogeographical rule?},
	Volume = {5},
	Year = {2002}}

@article{schemske1999pollinator,
	Author = {Schemske, Douglas W and Bradshaw, HD},
	Journal = {Proceedings of the National Academy of Sciences},
	Number = {21},
	Pages = {11910--11915},
	Publisher = {National Acad Sciences},
	Title = {Pollinator preference and the evolution of floral traits in monkeyflowers (\textit{Mimulus})},
	Volume = {96},
	Year = {1999}}

@article{schiebel1997population,
	Author = {Schiebel, Ralf and Bijma, Jelle and Hemleben, Christoph},
	Journal = {Deep Sea Research Part I: Oceanographic Research Papers},
	Number = {9},
	Pages = {1701--1713},
	Publisher = {Elsevier},
	Title = {Population dynamics of the planktic foraminifer \textit{Globigerina bulloides} from the eastern {North Atlantic}},
	Volume = {44},
	Year = {1997}}

@article{schiebel2002planktic,
	Author = {Schiebel, Ralf},
	Journal = {Global Biogeochemical Cycles},
	Number = {4},
	Pages = {3--1},
	Publisher = {Wiley Online Library},
	Title = {Planktic foraminiferal sedimentation and the marine calcite budget},
	Volume = {16},
	Year = {2002}}

@article{schilthuizen2015specimens,
	Author = {Schilthuizen, Menno and Vairappan, Charles S and Slade, Eleanor M and Mann, Darren J and Miller, Jeremy A},
	Date-Modified = {2015-09-08 08:33:07 +0000},
	Journal = {Trends in Ecology \& Evolution},
	Pages = {1--2},
	Publisher = {Elsevier},
	Title = {Specimens as primary data: museums and `open science'},
	Volume = {20},
	Year = {2015}}

@article{schluter1994experimental,
	Author = {Schluter, Dolph},
	Journal = {Science},
	Number = {5186},
	Pages = {798--801},
	Publisher = {American Association for the Advancement of Science},
	Title = {Experimental evidence that competition promotes divergence in adaptive radiation},
	Volume = {266},
	Year = {1994}}

@article{schluter1996adaptive,
	Author = {Schluter, Dolph},
	Journal = {Evolution},
	Pages = {1766--1774},
	Publisher = {Wiley Online Library},
	Title = {Adaptive radiation along genetic lines of least resistance},
	Year = {1996}}

@article{schmidt2004size,
	Author = {Schmidt, Daniela N and Renaud, Sabrina and Bollmann, J{\"o}rg and Schiebel, Ralf and Thierstein, Hans R},
	Journal = {Marine Micropaleontology},
	Number = {3},
	Pages = {319--338},
	Publisher = {Elsevier},
	Title = {Size distribution of Holocene planktic foraminifer assemblages: biogeography, ecology and adaptation},
	Volume = {50},
	Year = {2004}}

@article{schmidt2004cenozoic,
	Author = {Schmidt, Daniela N. and Thierstein, Hans R. and Bollmann, J{\"o}rg and Schiebel, Ralf},
	Journal = {Science},
	Number = {5655},
	Pages = {207--210},
	Publisher = {American Association for the Advancement of Science},
	Title = {Abiotic forcing of plankton evolution in the {Cenozoic}},
	Volume = {303},
	Year = {2004}}

@article{schmidt2006marine,
	Author = {Schmidt, Daniela N and Lazarus, David and Young, Jeremy R and Kucera, Michal},
	Journal = {Earth-Science Reviews},
	Number = {3},
	Pages = {239--266},
	Publisher = {Elsevier},
	Title = {Biogeography and evolution of body size in marine plankton},
	Volume = {78},
	Year = {2006}}

@article{scott2011holotypes,
	Author = {Scott, George H},
	Journal = {Marine Micropaleontology},
	Number = {3},
	Pages = {96--100},
	Publisher = {Elsevier},
	Title = {Holotypes in the taxonomy of planktonic foraminiferal morphospecies},
	Volume = {78},
	Year = {2011}}

@article{sepkoski1984kinetic,
	Author = {Sepkoski Jr, J John},
	Journal = {Paleobiology},
	Pages = {246--267},
	Publisher = {The Paleontological Society},
	Title = {A kinetic model of Phanerozoic taxonomic diversity. III. Post-Paleozoic families and mass extinctions},
	Year = {1984}}

@book{sepkoski2009paleobiological,
	Author = {Sepkoski, David and Ruse, Michael},
	Publisher = {University of Chicago Press},
	Title = {The paleobiological revolution: essays on the growth of modern paleontology, Chapter 2},
	Year = {2009}}

@article{sexton2008dispersal,
	Author = {Sexton, Philip F and Norris, Richard D},
	Journal = {Geology},
	Number = {11},
	Pages = {899--902},
	Publisher = {Geological Society of America},
	Title = {Dispersal and biogeography of marine plankton: long-distance dispersal of the foraminifer \textit{Truncorotalia truncatulinoides}},
	Volume = {36},
	Year = {2008}}

@article{shackleton1973non,
	Author = {Shackleton, Nicholas J and Wiseman, John D H and Buckley, Henry A},
	Journal = {Nature},
	Pages = {177--179},
	Publisher = {JSTOR},
	Title = {Non-equilibrium isotopic fractionation between seawater and planktonic foraminiferal tests},
	Volume = {242},
	Year = {1973}}

@book{simpson1944tempo,
	Author = {Simpson, George G},
	Number = {15},
	Publisher = {Columbia University Press},
	Title = {Tempo and mode in evolution},
	Year = {1944}}

@article{simpson1951species,
	Author = {Simpson, George G},
	Journal = {Evolution},
	Number = {4},
	Pages = {285--298},
	Publisher = {Wiley Online Library},
	Title = {The species concept},
	Volume = {5},
	Year = {1951}}

@book{simpson1953major,
	Author = {Simpson, George G},
	Date-Modified = {2015-09-08 08:35:20 +0000},
	Publisher = {Columbia University Press, New York},
	Title = {Major features of evolution},
	Year = {1953}}

@article{smith2012bringing,
	Author = {Smith, Vincent S and Blagoderov, Vladimir},
	Journal = {ZooKeys},
	Number = {209},
	Pages = {1},
	Publisher = {Pensoft Publishers},
	Title = {Bringing collections out of the dark},
	Year = {2012}}

@article{spero1997effect,
	Author = {Spero, Howard J and Bijma, Jelle and Lea, David W and Bemis, Bryan E},
	Journal = {Nature},
	Number = {6659},
	Pages = {497--500},
	Publisher = {Nature Publishing Group},
	Title = {Effect of seawater carbonate concentration on foraminiferal carbon and oxygen isotopes},
	Volume = {390},
	Year = {1997}}

@article{spezzaferri2014fossil,
	Author = {Spezzaferri, S and Kucera, M and Pearson, Paul N and Wade, Bridget S and Rappo, Sacha and Poole, Christopher R and Morard, Rapha{\"e}l and Stalder, Claudio},
	Journal = {PLoS One},
	Number = {5},
	Pages = {e0128108},
	Publisher = {Public Library of Science},
	Title = {Fossil and genetic evidence for the polyphyletic nature of the planktonic foraminifera \textit{``Globigerinoides"}, and description of the new genus \textit{Trilobatus}},
	Volume = {10},
	Year = {2014}}

@article{stanley1973explanation,
	Author = {Stanley, Steven M},
	Journal = {Evolution},
	Pages = {1--26},
	Publisher = {JSTOR},
	Title = {An explanation for {Cope}'s rule},
	Year = {1973}}

@book{stocker2013climate,
	Author = {Stocker, Thomas F and Qin, Dahe and Plattner, Gian-Kasper and Tignor, M and Allen, Simon K and Boschung, Judith and Nauels, Alexander and Xia, Yu and Bex, Vicent and Midgley, Pauline M},
	Publisher = {Cambridge University Press},
	Title = {Climate change 2013: The physical science basis. {Working Group I} {Contribution} to the Fifth Assessment Report of the {Intergovernmental Panel on Climate Change} ({IPCC})},
	Year = {2013}}

@book{svensson2012adaptive,
	Author = {Svensson, Erik and Calsbeek, Ryan},
	Publisher = {Oxford University Press},
	Title = {The adaptive landscape in evolutionary biology},
	Year = {2012}}

@article{tabachnick1990structure,
	Author = {Tabachnick, R Elena and Bookstein, Fred L},
	Journal = {Evolution},
	Pages = {416--434},
	Publisher = {Wiley Online Library},
	Title = {The structure of individual variation in {Miocene} \textit{Globorotalia}},
	Year = {1990}}

@article{takagi2015exploring,
	Author = {Takagi, Haruka and Moriya, Kazuyoshi and Ishimura, Toyoho and Suzuki, Atsushi and Kawahata, Hodaka and Hirano, Hiromichi},
	Journal = {Paleobiology},
	Number = {01},
	Pages = {108--121},
	Publisher = {Cambridge University Press},
	Title = {Exploring photosymbiotic ecology of planktic foraminifers from chamber-by-chamber isotopic history of individual foraminifers},
	Volume = {41},
	Year = {2015}}

@article{thomas2009bergmann,
	Author = {Thomas, Gavin H},
	Journal = {Molecular ecology},
	Number = {6},
	Pages = {1027--1029},
	Publisher = {Wiley Online Library},
	Title = {Bergmann's idiosyncratic rule: a role for fecundity selection?},
	Volume = {18},
	Year = {2009}}

@article{turner2012cell,
	Author = {Turner, Jonathan J and Ewald, Jennifer C and Skotheim, Jan M},
	Journal = {Current Biology},
	Number = {9},
	Pages = {R350--R359},
	Publisher = {Elsevier},
	Title = {Cell size control in yeast},
	Volume = {22},
	Year = {2012}}

@article{ujiie2008molecular,
	Author = {Ujii{\'e}, Yurika and Kimoto, Katsunori and Pawlowski, Jan},
	Journal = {Marine Micropaleontology},
	Number = {3},
	Pages = {334--340},
	Publisher = {Elsevier},
	Title = {Molecular evidence for an independent origin of modern triserial planktonic foraminifera from benthic ancestors},
	Volume = {69},
	Year = {2008}}

@article{ujiie2009cryptic,
	Author = {Ujii{\'e}, Yurika and Lipps, Jere H},
	Journal = {The Journal of Foraminiferal Research},
	Number = {3},
	Pages = {145--154},
	Publisher = {CFFR},
	Title = {Cryptic diversity in planktic foraminifera in the northwest {Pacific Ocean}},
	Volume = {39},
	Year = {2009}}

@article{ujiie2012longitudinal,
	Author = {Ujii{\'e}, Yurika and Asami, Takahiro and de Garidel-Thoron, Thibault and Liu, Hui and Ishitani, Yoshiyuki and de Vargas, Colomban},
	Journal = {Ecology and evolution},
	Number = {7},
	Pages = {1725--1737},
	Publisher = {Wiley Online Library},
	Title = {Longitudinal differentiation among pelagic populations in a planktic foraminifer},
	Volume = {2},
	Year = {2012}}

@article{urey1947thermodynamic,
	Author = {Urey, Harold C},
	Journal = {Journal of the Chemical Society (Resumed)},
	Pages = {562--581},
	Publisher = {Royal Society of Chemistry},
	Title = {The thermodynamic properties of isotopic substances},
	Year = {1947}}

@article{valentine2013sampling,
	Author = {Valentine, James W and Jablonski, David and Krug, Andrew Z and Berke, Sarah K},
	Journal = {Paleobiology},
	Number = {01},
	Pages = {1--20},
	Publisher = {Cambridge University Press},
	Title = {The sampling and estimation of marine paleodiversity patterns: implications of a {Pliocene} model},
	Volume = {39},
	Year = {2013}}

@article{vansebille2015ocean,
	Author = {Van Sebille, Erik and Scussolini, Paolo and Durgadoo, Jonathan V and Peeters, Frank JC and Biastoch, Arne and Weijer, Wilbert and Turney, Chris and Paris, Claire B and Zahn, Rainer},
	Journal = {Nature communications},
	Publisher = {Nature Publishing Group},
	Title = {Ocean currents generate large footprints in marine palaeoclimate proxies},
	Volume = {6},
	Year = {2015}}

@article{vanvalen1973new,
	Author = {Van Valen, Leigh},
	Journal = {Evolutionary Theory},
	Pages = {1--30},
	Title = {A new evolutionary law},
	Volume = {1},
	Year = {1973}}

@article{vanvalkenburgh2004cope,
	Author = {Van Valkenburgh, Blaire and Wang, Xiaoming and Damuth, John},
	Journal = {Science},
	Number = {5693},
	Pages = {101--104},
	Publisher = {American Association for the Advancement of Science},
	Title = {Cope's rule, hypercarnivory, and extinction in {North American} canids},
	Volume = {306},
	Year = {2004}}

@article{vellend2010,
	Author = {Vellend, Mark},
	Journal = {The Quarterly Review of Biology},
	Number = {2},
	Pages = {183--206},
	Publisher = {The University of Chicago Press},
	Title = {Conceptual synthesis in community ecology},
	Volume = {85},
	Year = {2010}}

@article{venancio2016planktonic,
	Author = {Venancio, Igor M and Franco, Daniel and Belem, Andre L and Mulitza, Stefan and Siccha, Michael and Albuquerque, Ana Luiza S and Schulz, Michael and Kucera, Michal},
	Journal = {Marine Micropaleontology},
	Pages = {25--35},
	Publisher = {Elsevier},
	Title = {Planktonic foraminifera shell fluxes from a weekly resolved sediment trap record in the southwestern {Atlantic}: Evidence for synchronized reproduction},
	Volume = {125},
	Year = {2016}}

@article{wade2011review,
	Author = {Wade, Bridget S and Pearson, Paul N and Berggren, William A and P{\"a}like, Heiko},
	Journal = {Earth-Science Reviews},
	Number = {1},
	Pages = {111--142},
	Publisher = {Elsevier},
	Title = {Review and revision of {Cenozoic} tropical planktonic foraminiferal biostratigraphy and calibration to the geomagnetic polarity and astronomical time scale},
	Volume = {104},
	Year = {2011}}

@article{walker1984equilibrium,
	Author = {Walker, Timothy D and Valentine, James W},
	Journal = {American Naturalist},
	Pages = {887--899},
	Publisher = {JSTOR},
	Title = {Equilibrium models of evolutionary species diversity and the number of empty niches},
	Year = {1984}}

@article{ward2012more,
	Author = {Ward, Darren F},
	Journal = {PLoS One},
	Number = {11},
	Pages = {e50346},
	Publisher = {Public Library of Science},
	Title = {More than just records: analysing natural history collections for biodiversity planning},
	Volume = {7},
	Year = {2012}}

@article{ward2015more,
	Author = {Ward, Darren F and Leschen, Richard AB and Buckley, Thomas R},
	Journal = {Trends in Ecology \& Evolution},
	Publisher = {Elsevier Current Trends},
	Title = {More from ecologists to support natural history museums},
	Year = {2015}}

@article{weiner2012vertical,
	Author = {Weiner, Agnes K M and Aurahs, Ralf and Kurasawa, Atsushi and Kitazato, Hiroshi and Kucera, Michal},
	Journal = {Molecular ecology},
	Number = {16},
	Pages = {4063--4073},
	Publisher = {Wiley Online Library},
	Title = {Vertical niche partitioning between cryptic sibling species of a cosmopolitan marine planktonic protist},
	Volume = {21},
	Year = {2012}}

@article{weiner2014phylogeography,
	Author = {Weiner, Agnes KM and Weinkauf, Manuel FG and Kurasawa, Atsushi and Darling, Kate F and Kucera, Michal and Grimm, Guido W},
	Journal = {PLoS One},
	Number = {3},
	Pages = {e92148},
	Publisher = {Public Library of Science},
	Title = {Phylogeography of the tropical planktonic foraminifera lineage \textit{Globigerinella} reveals isolation inconsistent with passive dispersal by ocean currents},
	Volume = {9},
	Year = {2014}}

@article{weiner2015calida,
	Author = {Weiner, Agnes KM and Weinkauf, Manuel FG and Kurasawa, Atsushi and Darling, Kate F and Kucera, Michal},
	Journal = {Marine Micropaleontology},
	Pages = {19--35},
	Publisher = {Elsevier},
	Title = {Genetic and morphometric evidence for parallel evolution of the \textit{Globigerinella calida} morphotype},
	Volume = {114},
	Year = {2015}}

@article{weinkauf2014disruptive,
	Author = {Weinkauf, Manuel FG and Moller, Tobias and Koch, Mirjam C and Kucera, Michal},
	Journal = {Frontiers in Ecology and Evolution},
	Pages = {64},
	Publisher = {Frontiers},
	Title = {Disruptive selection and bet-hedging in planktonic foraminifera: shell morphology as predictor of extinctions},
	Volume = {2},
	Year = {2014}}

@book{wright1932roles,
	Author = {Wright, Sewall},
	Publisher = {na},
	Title = {The roles of mutation, inbreeding, crossbreeding, and selection in evolution},
	Volume = {1},
	Year = {1932}}

@article{zachos2001trends,
	Author = {Zachos, James and Pagani, Mark and Sloan, Lisa and Thomas, Ellen and Billups, Katharina},
	Journal = {Science},
	Number = {5517},
	Pages = {686--693},
	Publisher = {American Association for the Advancement of Science},
	Title = {Trends, rhythms, and aberrations in global climate 65 {Ma} to present},
	Volume = {292},
	Year = {2001}}
